3934 6050
55 141 112 202 193

532 135 651 198 lubuit
673 135 725 197 DE
747 136 781 197 S.
805 131 1024 196 coartatus
1045 131 1288 198 putassem.

1583 143 1762 206 ’.194

55 272 203 324 sublevare
219 285 276 322 non
290 269 423 322 desinitis.
438 267 629 331 Qiiceircubuc
647 267 727 318 stiam
740 265 880 318 occasione
934 276 989 315 nen
1003 263 1105 316 babent
1120 265 1172 316 iiisi'
1185 265 1301 318 celanieii
1316 265 1427 318 malitie
1444 267 1605 327 libertatem,
1619 272 1763 333 spoliatam

56 332 238 386 amantissimi
249 347 327 399 mque
338 331 703 396 scgratiisimianiminoatri
713 341 882 390 aensnserqa
935 327 1078 377 cernimus.
1096 327 1215 387 Quorum
1229 331 1330 396 iniqua
1343 330 1481 383 violentie
1493 346 1554 383 cuin
1569 333 1704 384 Sanctitas
1719 341 1764 386 tua

56 399 234 455 mastalicis
247 410 344 447 omnes
357 394 527 446 venerabiles
543 394 647 453 iratres,
663 397 690 444 st
704 393 776 457 ipses
791 391 882 463 fideles

57 459 328 523 amplissimiarerbis
336 460 428 522 palam
437 457 597 519 publiceque
608 455 773 524 profitemur.
781 452 884 506 asebis

59 535 143 573 intem
154 523 342 586 exposcimus,
359 526 388 571 ut
402 534 462 570 cum
477 518 510 569 nd
523 518 775 588 restruerediaritia
789 516 885 587 dicaca-

59 601 97 636 ses
110 585 204 635 velitis
218 586 323 635 eisdam
335 583 459 633 fidelibus
474 586 570 631 restra
585 580 731 643 vigilantiae
746 577 884 651 concredi·

60 648 89 698 tis
106 647 155 697 lios
167 646 260 698 animi
277 646 361 697 nostri
373 658 469 695 sensus
496 648 588 693 nostro
612 643 722 692 nomine
749 645 884 712 nuntiare,

60 712 166 775 illosque
181 711 317 760 certiores
330 708 419 757 lacere
434 707 467 756 ds
482 711 596 770 paterna
610 706 745 755 nostrata
759 701 886 753 illoscba·

63 776 144 830 ritate,
159 772 179 822 d
220 787 256 821 ua
272 768 422 835 apostolica
433 768 632 825 benedictione,
647 764 885 840 qiiamesiutimo

63 834 132 885 cerda
150 849 207 899 pro
219 839 319 885 ecum.
334 837 361 883 et
383 845 443 882 cuin
469 831 557 881 omnis
580 842 651 880 verm
673 828 807 879 leticitatis
823 832 886 878 suto

63 897 236 1010 ῧιιιὺιιιιω
253 897 331 1008 soleii:
346 891 726 1008 ipsilffieaigtgmlgffiruurtres,
742 896 770 941 et
783 890 885 941 eisdem

94 975 107 1009 e
148 973 184 1010 ns
201 973 292 1025 imper
329 972 343 1008 a
376 972 390 1007 e
670 988 678 1002 .

62 1167 225 1221 simmam
251 1176 349 1216 maiae
372 1175 468 1215 aomo
496 1161 542 1212 Pio
567 1174 593 1211 ix
628 1171 749 1211 rosnaici
779 1156 886 1207 Mixiao

61 1270 237 1328 Sacrorum
271 1260 407 1316 salutes
431 1257 533 1314 sacris
562 1251 733 1312 Solemni‘ss
758 1256 887 1309 saucto-

98 1361 172 1403 rum
200 1334 417 1398 novemiliiim
440 1341 623 1410 martyrum
643 1343 715 1392 xxii
742 1328 888 1406 luponis

98 1432 126 1484 et
142 1419 317 1483 Michaelis
331 1417 371 1477 de
385 1419 512 1477 Sanctia
526 1414 629 1473 Romae
644 1412 808 1471 adstantes
836 1408 889 1468 die

96 1510 178 1582 leste
194 1502 398 1561 Pentecostes
413 1499 490 1555 anni
506 1495 592 1554 isui.

217 1623 371 1673 Bairissiaa
384 1620 472 1680 Pisas,

91 1708 127 1758 Sa
141 1718 200 1771 que
216 1701 335 1767 apostoli
348 1700 412 1751 lesu
435 1696 534 1750 Christi
556 1709 632 1749 sacro
654 1695 823 1747 Pentecosten
841 1692 889 1768 'dis

65 1771 139 1821 Patro
155 1764 290 1819 Ecclesiae
304 1764 386 1827 capiti
400 1763 428 1812 iii
458 1762 579 1811 oratione
604 1758 781 1814 adherentes,
802 1756 890 1821 Spiri-

66 1839 119 1884 tnm
132 1835 263 1881 sanctum
279 1826 450 1889 acceperunt,
466 1827 493 1875 et
506 1822 599 1873 divino
613 1821 672 1885 ejus
694 1820 810 1884 impulsu
838 1818 889 1870 acti

67 1899 228 1946 maclarum
245 1890 300 1941 lere
314 1886 456 1940 nationum
472 1884 537 1935 siris
551 1885 578 1936 iii
592 1883 665 1935 Urbe
679 1888 773 1934 sancta
781 1894 830 1932 con
851 1895 890 1931 ra·

66 1958 140 2022 gatis,
156 1954 311 2017 unicuique
326 1964 376 2001 sua
392 1944 646 2013 tingnapoteutiam
663 1945 712 1996 Dei
739 1895 889 1995 mirabiEcm

67 2019 276 2074 aununtiarunt,
290 2026 437 2077 nunquam,
454 2016 484 2061 ut
496 2010 639 2080 credimus.
655 2007 687 2058 ad
703 2006 776 2080 banc
803 2018 889 2070 usque

67 2083 134 2132 diem
145 2084 189 2131 tot
199 2076 363 2129 eorumdem
372 2074 501 2134 heredes,
516 2071 611 2122 iisdem
629 2068 831 2121 recurrentibus
845 2082 890 2140 se·

66 2141 182 2200 ieiuniis,
204 2139 391 2191 venerandum
405 2136 478 2186 Petri
493 2146 683 2190 successorem,
699 2136 822 2182 orantem
837 2145 891 2181 cir·

66 2207 274 2260 camsteterunt,
290 2202 479 2251 decernentem
494 2198 649 2253 audierunt,
665 2200 799 2257 regentem
810 2193 889 2264 robo-

67 2273 168 2319 urunt.
203 2261 439 2325 Quemadmodum
467 2273 530 2310 raro
554 2257 681 2330 apostolis
707 2256 795 2330 media
818 2259 890 2305 iuter

65 2331 201 2382 nascentis
214 2326 343 2378 Ecclesiae
357 2324 476 2388 pericula
491 2322 528 2372 nil
538 2320 687 2386 jucundius
704 2319 824 2369 accidere
839 2331 890 2380 pe-

65 2397 121 2448 tnit,
129 2406 218 2456 quam
229 2391 323 2441 divino
337 2387 437 2452 Spiritu
454 2397 548 2435 recem
562 2384 651 2454 amato
667 2381 793 2431 assistere
803 2385 889 2454 primo

65 2456 163 2507 Cbristi
179 2453 209 2504 in
226 2452 304 2503 terris
317 2449 444 2507 Vicari03
459 2447 496 2497 ita
510 2446 650 2496 necnobis
665 2449 810 2507 presentes
820 2447 889 2516 inter

65 2516 190 2569 Bachaias
205 2520 308 2566 saucia
321 2511 469 2575 angustias,
484 2507 622 2574 antiquius
638 2507 790 2556 sanctiusre
814 2504 889 2555 alind

65 2596 119 2632 essa
137 2579 240 2643 potuit,
255 2589 338 2640 quani
353 2571 482 2638 quidquid
496 2570 566 2621 inest
581 2569 761 2621 venerationis
773 2568 889 2632 pietatis·

64 2639 476 2763 iucunditatis?
489 2630 794 2745 satistatis?
803 2628 890 2742 tiit?

64 2782 131 2827 rare,
147 2768 255 2831 quanta
269 2732 655 2827 prosequamur'admirationa
671 2755 811 2818 preclaras
828 2752 889 2819 qni·

65 2833 112 2880 bus
127 2840 286 2892 supremus.
303 2823 424 2875 Pontifex
438 2826 530 2871 noster
544 2821 644 2869 eminet
657 2820 778 2877 virtutes,
803 2831 890 2881 quau·

65 2898 145 2957 toqus
162 2889 256 2940 animo
274 2886 307 2937 iis
323 2899 385 2951 qum
401 2885 493 2934 Petrus
507 2882 575 2933 alter
588 2881 689 2938 docuit,
702 2880 744 2931 vet
759 2894 820 2944 qam
834 2884 889 2929 tam

66 2956 180 3005 firmiter
196 2956 267 3003 stata
281 2955 392 3013 rataque
404 2960 461 2997 essa
476 2945 570 3002 votuit,
586 2943 800 3016 adhereamus„
822 3003 827 3014 Ι
850 3001 856 3016 ⁸

93 3016 186 3068 Corda
218 3017 311 3065 nostra
346 3023 434 3062 novus
468 3006 617 3059 inflammat
651 3006 744 3061 ardor.
775 3002 890 3055 vividior

66 3080 126 3130 idei
154 3080 202 3130 iux
228 3080 346 3126 mentem
373 3072 515 3130 illuminat,
543 3069 660 3120 sanctior
688 3082 805 3119 animam
820 3079 890 3141 ⁸cor·

66 3142 129 3205 ripit
146 3154 244 3191 unior:
259 3137 368 3202 linguas
381 3142 487 3185 nostrus
501 3134 614 3184 dammis
637 3132 710 3202 itlius
734 3131 802 3181 sacri
819 3141 890 3191 ignis

66 3202 358 3257 ribruntasaentimas,
374 3211 434 3262 quai
454 3195 556 3253 Maria,
574 3195 617 3244 cui
639 3193 796 3244 assidebant
810 3206 889 3255 apos·

66 3270 119 3324 toti,
146 3264 322 3316 mitissimum
338 3274 384 3311 cor
399 3256 545 3310 ardentiori
568 3270 617 3322 pro
641 3256 781 3306 bominum
805 3254 890 3304 salute

66 3328 203 3380 desiderio
221 3324 413 3380 incendebant,
428 3322 501 3384 ipsos
513 3333 576 3371 reru
586 3318 722 3383 apostolos
735 3318 768 3368 ad
779 3330 889 3382 magna·

66 3391 165 3442 baltei
180 3386 356 3454 praedicanda
372 3384 557 3448 impellebant.
646 3430 649 3435 ⁴
753 3441 759 3453 Ι

93 3455 229 3505 Piurimas
238 3451 320 3511 iatius
329 3453 441 3513 agentes
451 3443 613 3496 Bcatitndini
628 3447 681 3494 ture
691 3445 801 3507 gratias,
815 3439 890 3504 quod

67 3530 113 3567 nea
123 3516 163 3567 ad
178 3513 349 3579 pontificium
360 3510 456 3560 sotium
467 3506 628 3559 difficillimis
638 3506 711 3555 hisce
725 3506 892 3575 temporibus

67 3591 217 3635 mirere,
230 3582 256 3626 te
266 3573 394 3625 afflictum
408 3571 501 3642 solari,
507 3572 667 3641 nostrosque
678 3566 734 3641 tibi,
750 3567 813 3615 clari
828 3567 892 3616 itam

67 3640 202 3706 aapopali
214 3641 314 3689 nostrie
323 3648 395 3686 curie
406 3644 609 3683 commissorum
620 3643 703 3680 animi
721 3642 818 3680 sensas
827 3641 892 3691 ape·

66 3704 114 3755 sira
142 3700 293 3756 ermiseris,
304 3698 352 3750 tibi
363 3709 418 3747 uiic
428 3709 474 3746 ore
483 3707 591 3758 unaque
603 3697 692 3767 manta
701 3691 890 3765 acclamamus,

67 3753 891 3825 omnialausta,cunctabonsapprecantcs.VisadinSsncte

67 3816 890 3890 Pues.ratsquasdcattiottcamaagendamneeiesiamtfeiga,

67 3890 180 3948 allicis,
195 3902 258 3939 eam
273 3891 320 3938 tuo
336 3884 431 3935 robora
446 3882 525 3942 tueri,
541 3879 742 3951 tuaprudentia
765 3879 891 3941 dirigere,

68 3953 117 4003 tnis
130 3964 269 4004 exornare
282 3946 437 3999 virtutibus.
454 3946 520 3995 Prini
536 3943 624 4004 nobis,
639 3946 669 3993 ut
681 3942 770 3992 bonus
786 3939 891 4013 Pustor,

67 4016 201 4089 exemplu,
213 4016 316 4064 ovsset
325 4022 409 4075 agnos
419 4006 520 4057 caelesti
534 4005 630 4066 pabulo
649 4017 744 4074 pasce..
754 4016 832 4066 aquis
846 4003 891 4053 Sa·

68 4064 893 4192 remitittitia..ltifftsttttttttatiit

69 4200 159 4253 Ιιίιιι
173 4175 300 4252 ι’ᾱὶιίιι
313 4194 452 4259 Sapientia
466 4195 657 4257 praeparatum.
672 4189 712 4240 Tu
728 4194 804 4254 petra
818 4203 856 4246 es,
865 4192 892 4239 et

69 4264 149 4327 ipsius
163 4262 295 4313 Ecclesiae
310 4259 524 4314 tundamentum,
539 4260 634 4304 centra
647 4253 719 4318 quod
741 4252 891 4302 interorum

70 4334 151 4389 porte
167 4336 312 4388 uunquam
328 4317 523 4385 prevalebunt.
534 4316 716 4380 Totoqueute,
727 4313 892 4386 Petrumnsu·

72 4389 167 4445 dimus,
183 4393 212 4438 te
227 4388 401 4438 decernente,
416 4380 521 4432 carius
536 4381 759 4442 obtemperamus.
768 4376 891 4426 Tamira-

69 4451 219 4502 mnriuter
246 4451 337 4498 tantas
364 4444 500 4495 molestias
523 4448 616 4505 totque
647 4440 778 4504 procellas
802 4438 890 4512 ironia

69 4527 161 4564 serem
175 4517 206 4563 st
220 4509 417 4573 imperturbato
440 4505 529 4556 animo
543 4503 612 4554 sacri
628 4503 747 4553 muneris
770 4501 892 4565 partibus

68 4574 237 4634 lensensem,
255 4572 383 4622 invictum
400 4573 427 4618 at
440 4572 568 4618 erectum.

95 4638 165 4688 Dum
173 4644 267 4687 tamen
276 4632 426 4699 justissima
437 4630 463 4679 in
473 4626 892 4736 bisgtoriandinobissiigipetnat

68 4705 238 4764 argumenta,
255 4710 310 4748 uon
362 4706 470 4744 saumas
484 4705 551 4755 quin
562 4690 639 4740 simul
654 4688 772 4739 oculosa
805 4693 891 4738 tristia

68 4768 268 4813 convertamus.
276 4759 325 4811 nn«
337 4769 461 4821 aquaque
471 4753 542 4804 enini
552 4753 635 4803 menti
645 4757 744 4803 nostrie
755 4764 783 4800 se
795 4750 893 4800 sistunt

70 4822 300 4875 immaniaeoram
313 4819 443 4873 facinora,
480 4817 506 4866 ni
522 4815 730 4879 pulcherrimam
742 4813 822 4863 italiae
837 4818 892 4863 ter-

68 4899 133 4945 rani,
148 4886 231 4951 eujus
246 4889 285 4946 tu,
301 4883 454 4934 beatissima
490 4882 558 4934 ater,
576 4877 701 4928 columen
716 4889 745 4926 es
759 4877 891 4947 abducas,

68 4947 164 5000 misere
178 4949 331 5003 vastarunt,
347 4943 489 5008 ipsumque
500 4946 617 4991 tuumac
627 4942 725 5009 sauctae
735 4936 811 4987 Sedis
821 4937 893 5009 prin·

67 5012 197 5073 eipatum,
212 5024 246 5061 as
261 5022 317 5074 quo
331 5006 461 5072 praeclara
477 5002 634 5069 quicquain
649 5000 754 5051 civilem
776 5004 893 5050 societa-

68 5078 118 5123 tem
132 5074 220 5125 astuti
235 5085 269 5122 es
286 5083 336 5121 suo
354 5069 428 5119 iente
455 5066 638 5123 dimanarunt,
665 5063 838 5122 labefactare,
861 5075 893 5111 ac

68 5134 190 5186 tanditns
212 5139 334 5185 evertere
358 5130 544 5182 connituntur.
565 5126 632 5177 Nom
657 5139 745 5197 nequa
762 5124 893 5189 perennia

68 5198 229 5249 malornm
255 5195 326 5259 iura,
351 5205 440 5255 nequa
464 5190 593 5241 diuturna
617 5188 758 5259 yegimiuis
781 5186 892 5250 pacifica

66 5260 213 5321 messio,
230 5272 320 5323 neque
335 5256 444 5306 tandem
460 5254 561 5304 ludera
576 5255 658 5302 tetius
673 5251 786 5312 Europus
800 5253 891 5299 aucto·

68 5320 144 5374 ritate
161 5320 270 5373 sancita
283 5325 310 5371 et
323 5317 481 5369 confirmata
496 5313 627 5378 impedire
652 5313 807 5374 potuerunt,
821 5324 892 5382 que·

67 5385 155 5435 minua
176 5382 271 5436 omnia
309 5379 444 5443 susdeque
467 5380 645 5431 verterentur,
667 5375 763 5445 spretis
786 5371 892 5445 legibus

66 5449 200 5507 omuibus,
216 5447 316 5511 quibus
330 5442 463 5492 hactenus
476 5439 586 5489 suliulta
601 5437 708 5487 stabant
722 5448 846 5508 imperia.

94 5510 146 5560 eeu
163 5516 195 5560 ut
208 5512 244 5559 ad
255 5511 348 5557 nostra
381 5504 494 5568 propius
505 5501 719 5561 accedamuate,
739 5501 891 5570 beatissima

65 5566 151 5633 Pater,
167 5572 203 5622 ils
217 5564 378 5634 proviaciis,
404 5577 519 5630 quarum
534 5565 638 5635 epact
648 5560 777 5635 infimi!
791 5565 891 5609 sanctos

65 5633 149 5689 Sedis.
160 5641 188 5684 et
200 5633 286 5685 totius
296 5629 421 5681 Ecclesia
429 5625 654 5695 administrationi
665 5635 817 5687 equissimo
832 5632 891 5693 pr03

65 5694 217 5756 ridebatur,
234 5695 338 5749 nelarie
352 5695 544 5756 usurpatorum
559 5686 702 5738 bominum
717 5684 827 5744 scatere,
844 5697 889 5749 qui

938 389 1116 441 invictissimo
1131 390 1222 442 anime
1235 392 1381 453 obstiterit,
1397 395 1530 457 plurimas
1542 400 1570 445 et
1582 398 1694 459 gratius,
1714 397 1766 447 (a-

939 451 1097 503 thalicoium
1114 453 1236 504 omnium
1251 457 1369 512 nominc,
1384 471 1526 507 censemus
1549 459 1747 521 rependendas.

969 513 1079 564 civitem
1095 519 1166 567 enim
1177 522 1277 567 sanctie
1287 517 1363 566 Sedis
1393 519 1553 578 sincipstum
1569 535 1619 570 cau
1634 523 1762 585 quiddam

939 579 1120 647 necessarium
1135 594 1166 628 ac
1188 580 1347 641 providente
1405 593 1420 653 o
1444 584 1586 632 maniteste
1608 582 1763 655 institutum

938 642 1764 768 tti⁰tt¹titett⁰.ttillititl'tltttttttttttit

939 775 989 827 pro
999 763 1071 813 bono
1082 778 1113 814 ac
1124 764 1207 816 libare
1217 765 1342 817 Ecclesiae
1352 766 1539 818 saimaieinis
1554 769 1683 833 regimine
1698 785 1758 821 om·

941 826 1006 874 nino
1022 826 1366 899 requiri30portebatsane
1381 829 1598 881 tctiuaEcaleaiia
1608 837 1689 896 capul
1710 834 1761 883 ito·

940 900 1050 938 manum
1065 887 1222 940 Pontificem
1240 891 1306 940 nulli
1322 890 1438 957 principi
1453 905 1512 943 asse
1527 892 1689 957 subjectum,
1706 894 1761 946 imo

941 950 1043 1001 nullius
1053 951 1187 1022 bospitsm
1199 952 1262 1023 {aad
1276 953 1423 1018 inproprie
1433 954 1554 1006 dominia
1572 970 1604 1005 ac
1622 970 1706 1020 regno
1719 972 1763 1008 se·

941 1013 1049 1063 dentem
1058 1020 1158 1064 suimet
1169 1014 1233 1065 'uris
1243 1028 1311 1072 esse,
1322 1018 1349 1065 at
1358 1015 1387 1065 in
1397 1015 1643 1079 nobili,trauquilta
1654 1026 1681 1070 ct
1691 1020 1763 1071 alma

941 1075 1066 1126 libertate
1075 1028 1446 1150 Catholicamiidemtperimc
1457 1084 1760 1144 propugnaralotamre

941 1151 1034 1198 reuera
1048 1151 1079 1188 sc
1093 1141 1244 1203 gubernare
1257 1140 1431 1190 christianam
1445 1143 1651 1206 rempublicam.

972 1199 1036 1258 Quis
1050 1206 1139 1251 autem
1149 1200 1263 1251 initciari
1273 1199 1360 1266 possit
1368 1200 1397 1252 in
1408 1201 1460 1253 boc
1469 1216 1558 1254 rernm
1568 1203 1760 1267 bumanarum,

942 1261 1368 1329 opinionsmeditationemque
1378 1264 1503 1316 condicta
1515 1269 1692 1317 necessariam
1702 1283 1761 1319 ease

943 1329 1102 1375 ntserretur
1110 1327 1263 1377 estremain
1271 1326 1379 1392 Europa
1390 1328 1503 1386 medius,
1519 1333 1573 1379 tres
1584 1330 1654 1379 inter
1663 1330 1762 1380 veteris

943 1385 1227 1446 mundicontinentai,
1242 1389 1350 1452 quidam
1362 1388 1444 1439 relati
1456 1404 1533 1441 sacar
1545 1392 1629 1454 iocus,
1644 1395 1672 1443 et
1678 1391 1762 1443 Sedes

943 1450 1763 1518 augustissima,nndepopuiisprincipibusquaricissimoria·

943 1514 988 1562 lar
1002 1525 1054 1563 vox
1068 1514 1191 1576 quadam
1206 1527 1304 1576 magus
1318 1517 1532 1579 potensqas,sos
1546 1529 1643 1580 nempe
1651 1516 1762 1579 justitias

944 1576 1112 1637 saturitatis,
1128 1574 1194 1626 nulii
1209 1575 1369 1640 larensprin
1378 1577 1762 1652 ceteris,nulliusobaequens

943 1635 1064 1692 arbitrio.
1082 1651 1162 1698 qaam
1178 1651 1228 1689 nec
1243 1638 1369 1709 terrendo
1382 1652 1563 1711 compascere,
1580 1654 1631 1692 nec
1645 1641 1705 1691 ultis
1718 1656 1763 1693 ai·

943 1699 1016 1750 tibus
1030 1700 1170 1764 quisquam
1185 1706 1271 1766 possit
1283 1700 1498 1752 circumveniret

976 1760 1027 1833 Qui
1044 1776 1123 1825 porro
1138 1762 1180 1812 rei
1194 1762 1245 1812 hac
1259 1763 1316 1814 rica
1341 1763 1398 1813 lieri
1422 1765 1562 1828 potuisset,
1585 1769 1616 1815 nt
1637 1764 1762 1816 Ecclesia

945 1825 1079 1874 antistites
1087 1825 1173 1874 securi
1184 1825 1237 1875 bac
1246 1839 1277 1875 ex
1287 1828 1343 1877 tete
1354 1824 1419 1896 orbe
1431 1833 1604 1878 accurrerant
1616 1841 1678 1879 cnm
1691 1827 1762 1878 San·

944 1887 1036 1936 ctitate
1046 1890 1093 1937 tua
1106 1888 1140 1937 de
1155 1887 1236 1937 rebus
1245 1888 1511 1949 grusinimiaacturi,
1526 1889 1549 1938 si
1564 1904 1596 1939 es
1613 1894 1653 1941 tot
1666 1895 1694 1940 et
1707 1897 1762 1941 tum

944 1946 1059 1998 dirersis
1073 1949 1413 2020 regionibnapentibusque
1427 1951 1604 2014 conduentes,
1615 1953 1761 2026 principem

944 2010 1061 2082 aliquem
1070 2013 1239 2062 invenissent
1248 2010 1290 2060 his
1300 2014 1355 2062 oris
1368 2013 1563 2074 dominantem,
1580 2015 1677 2077 qiiisal
1691 2013 1763 2079 prin·

944 2074 1018 2136 cipes
1027 2087 1148 2137 ipsoram
1158 2075 1186 2124 in
1196 2073 1349 2136 suspicione
1359 2073 1478 2132 haberet,
1491 2077 1533 2127 rel
1550 2077 1611 2134 illis,
1623 2083 1763 2141 inspectus

944 2136 1010 2207 ipse,
1026 2136 1236 2186 adversaretnrt
1252 2137 1307 2186 Sua
1321 2141 1385 2187 suut
1398 2139 1498 2188 etenim
1515 2144 1543 2189 et
1564 2140 1719 2197 christiano,
1735 2146 1764 2190 et

944 2199 997 2248 civi
1011 2198 1116 2258 orteia,
1131 2197 1202 2249 baud
1225 2200 1334 2263 quidam
1355 2202 1535 2264 repugnantia
1556 2202 1626 2252 inter
1650 2216 1688 2259 se,
1713 2203 1761 2253 sed

943 2259 1051 2311 diversa
1065 2266 1176 2332 tamen,
1191 2274 1251 2325 quie
1266 2261 1407 2324 adimpleri
1425 2263 1459 2313 ab
1473 2263 1608 2335 episcopis
1623 2266 1761 2329 quomode

944 2328 1063 2386 possent,
1077 2325 1129 2373 nisi
1145 2328 1275 2386 perstaret
1287 2324 1381 2374 Romae
1391 2324 1478 2376 ciuilis
1489 2327 1664 2390 principatus,
1677 2327 1764 2392 qualis

943 2384 1317 2449 estpontidcumpurisalieni
1327 2387 1438 2438 omnine
1447 2389 1585 2446 immunia,
1599 2392 1627 2438 et
1639 2397 1761 2439 centrum

943 2448 1143 2511 quodammode
1154 2447 1763 2508 universatisconcordisantaiiambtaoniatiii-

943 2524 1031 2561 inania
1042 2511 1158 2573 spirans,
1170 2510 1236 2560 nihil
1248 2525 1296 2574 pro
1311 2517 1417 2562 terrena
1431 2511 1616 2564 dominatione
1632 2514 1763 2565 mutiensi

974 2572 1015 2621 Ad
1027 2572 1139 2623 liberum
1150 2586 1215 2637 ergo
1228 2572 1385 2624 Pontificem
1406 2575 1506 2639 Regem
1532 2576 1655 2626 venimus
1677 2575 1762 2636 liberi,

943 2633 1068 2685 Ecclesia
1083 2635 1165 2685 rebus
1175 2640 1267 2699 utpote
1283 2641 1412 2699 pastores,
1427 2642 1454 2687 et
1469 2638 1562 2701 patria
1576 2643 1669 2702 utpote
1691 2640 1764 2689 cirea

943 2697 1014 2747 bene
1026 2701 1054 2747 et
1066 2711 1143 2761 usque
1157 2696 1339 2756 consulentes,
1355 2706 1604 2764 nequamneuam,
1619 2714 1708 2765 neque
1725 2701 1765 2751 ci-

943 2759 1016 2809 sium
1031 2758 1119 2810 oibcia
1132 2760 1333 2833 posthabentes.

975 2821 1040 2880 Qum
1055 2834 1117 2871 cum
1132 2827 1168 2872 its
1182 2820 1245 2880 sint,
1262 2820 1387 2886 quisnam
1405 2821 1586 2887 principatum
1609 2823 1684 2895 illum
1706 2825 1761 2874 iim

943 2889 1074 2940 vetarem,
1085 2889 1159 2934 teuta
1169 2885 1338 2944 anctoritate,
1348 2889 1376 2934 el
1385 2887 1460 2936 1ιι1ι
1478 2887 1644 2936 necessitatis
1658 2901 1682 2935 si
1699 2899 1761 2936 con·

945 2945 1040 3018 ditum,
1051 2945 1149 3019 audeat
1158 2945 1423 3020 impaquarelCui‚si
1433 2948 1475 2997 rel
1482 2947 1595 3012 jusillnd
1604 2949 1760 3005 bumanum,

944 3013 1371 3146 tttttltttttt‘tttti
1386 3011 1764 3147 tilittttlttttu
1809 3068 1811 3075 ,

946 3147 1034 3202 parari
1042 3135 1055 3183 t
1064 3133 1129 3193 Quia
1138 3140 1192 3184 tam
1203 3135 1364 3185 venerabilis
1373 3139 1502 3185 etsancta
1510 3136 1524 3185 l
1533 3137 1598 3196 Quas
1608 3138 1665 3187 sire
1676 3138 1763 3202 pristi-

945 3196 998 3269 nis,
1012 3209 1068 3269 siye
1083 3196 1392 3271 recentioribcssoeculis
1405 3197 1560 3269 munerabis
1574 3199 1616 3273 rel
1630 3199 1765 3273 respubli-

945 3260 1097 3383 atrata
1109 3261 1764 3385 tttctssitt.²⁸.ttttttit.ttutilit:

946 3389 987 3434 cte
1003 3382 1071 3434 Sede
1086 3383 1213 3447 despecta
1231 3388 1311 3449 atque
1326 3384 1479 3447 proculcata
1504 3384 1614 3444 inerint,
1638 3386 1764 3450 quisnam

945 3446 989 3496 rel
1003 3445 1128 3509 princeps
1144 3445 1177 3496 de
1194 3459 1287 3509 ragno,
1301 3447 1343 3495 iat
1358 3445 1695 3509 respublicudaterritcrie
1703 3462 1766 3520 pes·

946 3509 1003 3560 sint
1015 3521 1074 3558 esse
1088 3507 1194 3558 secari?
1208 3506 1286 3581 Ergo,
1299 3510 1466 3560 sanctissime
1475 3509 1564 3568 Pater,
1575 3524 1624 3572 pre
1633 3509 1765 3573 religione

946 3569 1066 3635 quidem,
1081 3570 1128 3620 sed
1142 3573 1169 3620 et
1183 3583 1231 3633 pro
1243 3571 1356 3634 justitia.
1367 3571 1541 3637 iambusque,
1551 3586 1612 3636 quai
1622 3573 1768 3623 santintar

946 3638 1040 3697 gentes
1054 3646 1143 3683 rernm
1159 3632 1337 3684 humanarum
1352 3633 1536 3693 fundamenta,
1559 3636 1702 3686 conmodis
1725 3639 1765 3684 at·

946 3695 1211 3808 quseegedgrffitam
1225 3757 1300 3831 gravi
1317 3770 1399 3832 causa
1413 3758 1456 3809 via
1477 3771 1528 3810 nos
1551 3758 1627 3832 decet
1652 3758 1767 3822 amplius

946 3820 1029 3870 rerba
1043 3818 1171 3883 profarre,
1186 3832 1232 3884 qni
1248 3824 1273 3870 te
1288 3821 1322 3869 da
1347 3834 1407 3884 ipsa
1428 3834 1484 3871 non
1508 3826 1562 3872 tam
1588 3822 1765 3872 disserentem

946 3895 1026 3947 qnam
1041 3882 1182 3932 docentem
1197 3895 1269 3945 seips
1283 3881 1384 3944 sepius
1406 3883 1567 3934 audirimus.
1585 3885 1642 3934 Vox
1665 3882 1765 3935 etenim

946 3949 1003 4002 tua,
1018 3942 1097 4008 quasi
1113 3943 1178 3994 tuba
1192 3943 1373 4002 sacerdotalis,
1389 3945 1439 3995 toti
1453 3946 1509 3996 orbi
1523 3947 1582 3996 elan
1602 3958 1651 3995 ens
1663 3946 1766 4011 prucia-

946 4005 1039 4058 marit.
1054 4005 1127 4070 qnod
1156 4004 1314 4070 «singulari
1338 4021 1449 4070 prorsus
1472 4007 1571 4060 (lirinis
1583 3960 1766 4059 Ereridantiaa

946 4068 1060 4118 consilio
1070 4068 1169 4118 lactum
1180 4068 1223 4124 sit,
1239 4073 1268 4119 ut
1277 4068 1414 4120 Romanus
1425 4070 1635 4134 Pontifex,quem
1644 4071 1768 4121 cbristus

946 4130 1767 4195 tetinsEcclesiiesumcaputcantrnmqueconstituit.cirttam

946 4190 1416 4316 t⁸⁸tititiltltttttttlt·
1431 4196 1766 4308 stratilites·

946 4332 974 4382 p.
984 4320 1008 4368 1.
1025 4290 1169 4375 attestatio,
1188 4317 1216 4368 11
1231 4317 1293 4367 Dea.
1307 4291 1396 4384 timp
1411 4292 1446 4369 ab
1461 4272 1587 4371 omnibus
1597 4294 1678 4385 igitur
1688 4295 1767 4370 nobis’

946 4394 1062 4444 assepro
1074 4379 1222 4431 certissimo
1237 4380 1448 4431 tenendumnon
1458 4381 1570 4432 lortuite
1580 4382 1631 4433 lioc
1645 4396 1658 4432 r
1694 4383 1766 4435 inien

946 4442 1094 4508 temporale
1104 4447 1204 4492 sanctie
1215 4440 1277 4492 Sedi
1288 4443 1444 4505 accessisse,
1457 4443 1504 4494 sed
1519 4444 1665 4508 esspeciali
1695 4445 1767 4494 irina

945 4504 1123 4568 dispositione
1134 4503 1173 4554 illi
1188 4517 1246 4554 esse
1263 4502 1400 4560 tributum.
1414 4505 1526 4571 longave
1544 4519 1676 4556 annorum
1687 4509 1766 4569 saria,

947 4567 1069 4619 unanimi
1084 4567 1203 4640 oninium
1219 4579 1363 4629 regiiornm
1379 4571 1407 4617 at
1424 4565 1598 4631 imperiorum
1622 4582 1766 4628 consensu,

945 4629 1685 4765 ⁰titt.tt‘.t⁰tl⁰.ttittttit.⁶ialitilia
1701 4692 1768 4743 a...

945 4753 999 4805 lem
1014 4754 1143 4803 Romana
1158 4752 1282 4804 Ecclesia
1293 4754 1472 4818 principatum
1483 4755 1595 4821 ejusque
1605 4756 1768 4820 temporales

967 4817 1132 4867 accessiones
1143 4816 1251 4889 najara,
1265 4829 1326 4880 qnae
1340 4816 1373 4866 ad
1390 4815 1547 4869 universnm
1556 4818 1715 4868 catholicum
1727 4832 1768 4867 or·

946 4831 1008 4930 Earn
1024 4878 1289 4951 pertinentoiotsgra
1303 4881 1331 4928 et
1344 4877 1732 4955 inviotata'ccnstantertuari,
1742 4883 1769 4930 ct

946 4940 1768 5076 tttt‘tltltititcttiuiittltittttttlttitt

946 5070 1027 5140 teque
1042 5069 1165 5128 paratum
1180 5077 1239 5114 esse
1254 5078 1370 5115 unimam
1386 5071 1477 5129 potius
1493 5080 1593 5130 ponere
1603 5079 1685 5129 quain
1696 5065 1769 5115 hanc

948 5130 1005 5186 Dei,
1020 5127 1155 5182 Ecclesiae,
1170 5139 1201 5176 uc
1212 5126 1324 5190 institiae
1334 5141 1442 5179 causam
1453 5128 1597 5179 ullomodo
1607 5129 1766 5178 deserere.»

946 5188 1041 5256 [Epist.
1057 5188 1175 5253 Encycl„
1192 5188 1220 5240 ts
1234 5188 1295 5239 lan.
1314 5189 1384 5251 1860,
1398 5204 1424 5254 p.
1437 5190 1462 5247 i,
1477 5189 1512 5257 81.
1521 5188 1622 5249 qiiibus
1633 5190 1768 5250 praeclaris

947 5250 1037 5303 verbis
1046 5264 1097 5302 nos
1107 5250 1284 5302 acclamantes
1297 5265 1328 5302 ac
1343 5252 1501 5316 plaudentes
1511 5251 1768 5316 respondemua,nos

946 5318 1036 5365 tecum
1051 5318 1078 5364 et
1092 5312 1126 5363 ad
1141 5327 1274 5364 carcarem
1289 5319 1316 5365 at
1329 5314 1363 5364 ad
1379 5319 1495 5364 mortem
1510 5316 1548 5364 ira
1567 5318 1676 5375 paratos
1690 5328 1767 5374 essa3

945 5381 1026 5451 teque
1042 5374 1324 5449 liamlliterrognmas,
1339 5380 1369 5450 ut
1382 5377 1408 5425 in
1424 5375 1646 5450 hacueunstantia,
1678 5391 1710 5427 ac
1726 5377 1768 5448 tir·

946 5438 1768 5564 attitulati.astitistiitttttttttttitti.

946 5565 974 5613 ld
986 5565 1066 5614 etiam
1077 5569 1126 5614 ata
1137 5561 1360 5627 postulsthristi
1370 5561 1485 5613 Ecclesia
1497 5577 1546 5628 pro
1557 5563 1633 5627 cnjus
1656 5562 1769 5614 feliciori

945 5622 1770 5753 actitaturtitlttti‘lttttiltattitulati

1321 5721 1329 5746 1
