3934 6050
174 34 233 94 soti

175 177 242 215 vare
256 159 361 212 liberali
376 159 605 225 stingsnuoludo
626 160 769 212 salubriter
796 159 959 208 erudiemur.
974 154 1003 207 Si

96 259 101 272 ,
176 242 228 277 uos
242 223 373 275 miracula
387 224 602 288 spectaculorum
618 228 644 273 et
659 220 837 286 pulchritudo
857 221 1003 279 delectent,

177 291 251 341 illarii
267 288 450 338 desideremus
465 288 557 336 videre
572 286 741 348 sapientiam,
759 297 821 349 quai
837 283 1004 347 pertendite

179 353 233 404 llus
250 349 386 415 usquead
403 349 483 399 linem
501 353 529 398 st
544 346 665 410 disponit
680 348 773 396 omnis
790 346 917 396 suaviter.

210 413 237 465 S.
251 412 413 470 Bernartius,
430 412 542 467 serm.‚5
553 410 590 458 De
599 409 712 459 adveatu
728 410 844 468 Domini,
855 408 893 459 ait
904 423 910 457 :
922 408 1005 458 Serva

181 473 474 533 sermonembei;ua11
488 476 515 521 ει
524 472 569 521 ille
579 472 658 536 panis
669 472 747 522 vivus
757 477 798 522 est
807 476 834 522 et
843 471 919 521 cilius
928 483 1005 520 men·

181 539 218 591 tis
222 571 279 590 ......
294 536 403 586 Custodi
418 535 537 584 Verbum
545 535 611 596 bsi;
627 535 700 584 beati
712 536 784 584 enim
793 533 839 599 qui
850 532 1008 584 custodiunt

184 601 263 653 illud.
273 600 341 662 Ergo
350 598 500 649 traiciatur
509 601 536 646 in
548 597 648 650 viscera
659 599 784 659 quiedam
795 598 892 646 animm
903 602 966 652 turc,
981 601 1008 645 ει

185 666 306 715 transcat
317 664 344 710 in
360 614 514 712 adiectiones
530 664 601 722 tusa,
617 664 644 710 et
658 658 687 710 iu
703 674 791 710 mores
805 664 875 710 tuus.
890 658 1007 709 Comede

185 728 296 782 bouum,
313 729 339 774 et
352 722 527 772 delectabitur
542 723 568 772 iii
586 724 767 773 crassitudine
781 724 872 772 anima
888 728 942 771 tua.
967 720 1008 770 Ne

182 785 351 839 obliviscaris
378 785 520 835 comedere
542 799 642 849 punem
665 791 751 843 tuum,
774 799 809 835 ns
835 788 940 834 urescat
963 796 1009 833 cor

186 855 273 906 tuum.
288 848 336 898 sad
351 847 432 912 adipe
444 852 473 898 et
489 847 653 913 pinguedine
666 848 803 911 repleatur
817 847 907 897 anima
921 852 976 897 tua.

188 1054 228 1105 De
242 1052 351 1104 seeundo
364 1050 430 1118 fidei
442 1051 621 1115 bandonariis,
637 1052 706 1117 quod
719 1054 758 1101 est
770 1051 913 1102 auctoritas
922 1048 1010 1118 ,trodi-

447 1114 528 1164 tt'ont‘s
543 1114 571 1164 s‘n
582 1114 660 1163 rebus
675 1114 748 1176 fidei.

222 1294 320 1344 Errant
332 1305 443 1342 omnino
453 1292 499 1355 qui
508 1291 806 1357 opinanturunicuique
812 1292 856 1358 jus
867 1296 894 1343 at
903 1289 1012 1341 inculta·

196 1362 250 1408 teni
261 1369 320 1407 esse
330 1354 526 1418 interpretandi
537 1358 565 1404 at
574 1356 765 1418 cognoscendi,
774 1357 879 1404 seclusa
894 1354 1011 1404 auctori·

190 1424 249 1471 tate
263 1418 399 1476 Ecclesia,
413 1418 473 1481 quis
490 1418 524 1467 sit
536 1415 672 1488 legitimus
682 1418 877 1481 scripturarum
896 1430 1010 1478 sensus;

192 1495 255 1533 uani
271 1496 304 1532 ex
318 1481 369 1531 bae
384 1493 510 1543 perversa
523 1479 652 1541 opinione
666 1485 741 1544 patet
763 1480 852 1530 aditus
873 1479 906 1529 ad
930 1491 1011 1528 omne

190 1558 278 1609 genus
292 1544 391 1595 erroris
405 1547 432 1592 et
454 1540 558 1592 fraudis
569 1546 596 1592 et
609 1541 733 1592 licentiis.
750 1543 842 1606 Neque
866 1540 939 1592 enim
960 1541 1011 1591 luit

191 1620 308 1670 unquam
324 1605 395 1655 ultus
410 1604 606 1668 haereticusqui
616 1604 781 1667 Scripturam
792 1603 1011 1667 sacram‚priratu

194 1684 243 1719 suu
258 1668 489 1730 interpretatione,
504 1666 536 1716 ad
552 1680 616 1715 suos
631 1681 734 1725 sensus,
747 1668 779 1716 ad
797 1682 845 1717 sua
860 1670 1011 1717 commenta

192 1731 420 1781 accommodatum
432 1743 484 1779 non
496 1728 626 1793 putulerit
635 1729 662 1778 iu
673 1730 905 1788 medium,Deinde
916 1727 962 1794 qui
973 1729 1012 1777 sic

193 1795 348 1907 §litiis
365 1790 1008 1905 ⁵tibitibisilebitis{iiiiii

194 1919 232 1969 sit
246 1871 338 1969 iijetrus
352 1869 498 1982 ipustolua,
511 1915 620 1980 propria
642 1869 861 1981 inteipmiaiione
877 1869 931 1967 soii
945 1888 1011 1965 uni

195 1982 228 2031 Et
238 1985 309 2032 certe
324 1979 426 2030 licitum
441 1993 580 2043 nunquam
596 1979 647 2029 tuit
659 1980 773 2051 siugulis
785 1980 886 2030 ludaeis
895 1979 1012 2043 Scriptu-

195 2058 334 2096 rassacras
344 2056 393 2107 pro
403 2055 452 2092 auo
463 2055 535 2091 inore
546 2042 774 2106 interpretari,sed
785 2044 812 2092 in
826 2043 907 2092 rebus
916 2042 1012 2092 ubscu-

194 2105 233 2157 ris
246 2107 279 2157 ad
294 2105 447 2156 sacerdotes
456 2105 493 2154 ire
501 2106 675 2154 tenebantur.
686 2121 700 2152 s
711 2104 790 2155 habia
800 2118 915 2169 numque
925 2117 1011 2153 sucer-

193 2170 264 2220 dotis
278 2168 431 2219 custodient
446 2165 595 2240 scientiam..
611 2172 637 2216 et
650 2167 733 2230 legem
759 2167 897 2232 requirent
913 2181 945 2216 ex
961 2180 1009 2216 ora

193 2228 942 2363 ⁶1iilisiiiilttiiilitiiiiilliiiiiian.
964 2284 1010 2340 sn

191 2357 264 2405 enirn
279 2369 295 2405 a
311 2360 416 2405 ratione
430 2366 541 2418 prorsus
555 2353 672 2403 alianum
688 2305 716 2404 ri
734 2359 870 2418 procerte
891 2358 1009 2405 statuere

190 2417 264 2483 quod
279 2417 312 2467 ad
327 2418 432 2480 proxim
448 2416 566 2466 revocari
582 2415 738 2467 nullatenus
755 2415 848 2480 possit.
877 2417 916 2466 hd
940 2417 1009 2482 ejus·

189 2480 263 2531 modi
277 2480 404 2544 estquod
421 2477 459 2528 illi
483 2482 605 2528 statuunt
629 2478 662 2529 dc
682 2477 788 2543 privata
810 2478 1007 2543 Scriptumrum

188 2539 562 2607 interpretatione.Quomodo
576 2540 648 2591 enini
663 2541 1008 2605 interpretabunturScrip·

187 2609 264 2656 turus
278 2606 403 2655 homiues
419 2602 535 2668 imperiti
550 2606 576 2654 et
590 2609 680 2661 rudes,
696 2604 729 2653 ad
745 2603 823 2655 fldem
838 2605 934 2658 vocati.
950 2618 1007 2654 nou

186 2681 265 2719 secus
279 2680 311 2717 ac
324 2666 404 2725 docti.
423 2671 449 2717 et
463 2664 571 2729 quidem
586 2679 648 2730 pars
663 2668 775 2717 maxima
789 2667 912 2717 Ecclesiae
924 2680 1007 2731 ;quo·

188 2732 279 2789 modo,
297 2730 415 2793 iuquam,
440 2728 495 2779 Scri
517 2734 590 2778 turos
611 2728 862 2794 interpretabuntur
883 2732 928 2794 qui
957 2744 1007 2780 nec

189 2794 278 2857 legere
290 2792 388 2849 sciunt,
405 2805 455 2841 nee
469 2743 568 2842 cailant
590 2790 709 2855 linguam
738 2793 778 2842 vel
801 2793 941 2842 Hebrmam
965 2793 1007 2843 vel

191 2855 321 2912 Graecam,
337 2853 437 2919 quibus
450 2867 526 2904 secer
541 2858 630 2904 textus
644 2859 757 2904 constat.

219 2917 275 2968 Nec
289 2917 370 2968 relect
383 2917 454 2982 quod
473 2917 507 2967 ad
522 2915 580 2967 haec
594 2917 791 2980 respondeatur
805 2916 886 2981 quud,
902 2915 1008 2967 etiamsi

188 2981 271 3032 rudes
285 2981 407 3031 nesciant
422 2978 514 3030 (iresca
526 2981 569 3029 vet
583 2977 714 3030 Hebraico
738 2979 821 3044 loqui,
845 2979 913 3030 nihil
936 2984 1009 3031 votet

189 3058 235 3095 eos
250 3057 283 3094 ex
297 3043 448 3093 veruaeutis
458 3043 655 3106 scripturarum
671 3043 892 3093 translationibus
906 3041 1009 3094 intelli·

187 3119 251 3170 gare
266 3107 325 3169 quis
340 3108 375 3155 sit
387 3105 523 3163 legitimus
535 3118 631 3153 sensus
644 3103 863 3168 Scriptursrum:
884 3118 939 3155 nori
958 3119 1008 3155 sn·

188 3172 296 3233 tequam
311 3169 344 3218 de
356 3167 473 3232 legitimo
488 3180 570 3216 sensu
583 3166 780 3230 Scripturarum
792 3181 823 3216 ex
839 3168 1008 3218 versionibus

186 3229 338 3280 vernaculis
352 3230 483 3293 judicent,
499 3229 703 3278 discernendum
718 3228 770 3278 iliis
783 3235 823 3280 est
844 3231 918 3293 prius
932 3243 1008 3293 qum-

187 3306 249 3341 nsm
269 3290 413 3356 Scripturas
440 3293 576 3340 canonicoe
597 3292 659 3353 sint,
683 3304 807 3348 numnam
836 3292 1006 3363 apocryphas.

186 3355 249 3413 Quis
264 3358 354 3403 autam
370 3366 442 3403 sunm
456 3353 553 3403 mentis
568 3365 621 3402 non
637 3353 709 3404 ridet
723 3355 792 3403 hunc
815 3353 1005 3405 discretionem

187 3418 221 3467 ab
239 3414 370 3480 imperitis
384 3414 441 3465 deri
456 3428 510 3464 uon
527 3415 628 3489 pessel

160 3486 169 3503 ⁸
217 3477 282 3528 Esto
296 3479 361 3528 certi
382 3477 436 3527 siut
462 3478 494 3527 de
518 3477 647 3527 librorum
671 3478 841 3533 auctoritate,
867 3479 1006 3543 quomodo

186 3542 251 3591 certi
266 3554 323 3591 esse
338 3543 467 3604 poterunt
481 3539 513 3588 de
527 3540 735 3590 translationum
753 3540 814 3590 lide.
830 3541 871 3591 Ab
891 3540 1004 3592 homini·

185 3604 237 3654 hus
252 3602 336 3655 errori
351 3602 474 3653 obnoxiis
489 3601 564 3652 lactm
579 3608 643 3652 suut
656 3602 708 3653 illas
723 3602 871 3653 versiones.
887 3603 1004 3662 Quomo-

187 3667 221 3716 do
236 3665 389 3731 intelligent
403 3663 519 3728 imperiti
535 3678 599 3714 num
615 3663 705 3729 reipsa
718 3667 877 3730 interpretes
896 3681 1004 3716 errave-

186 3729 262 3779 rint?
276 3731 433 3794 trguuutur
444 3725 564 3792 quotidie
579 3731 606 3776 et
618 3728 780 3778 dauiuaniur
806 3728 1004 3792 Scripturarum

187 3792 279 3842 multia
294 3793 440 3852 versiones,
457 3795 486 3840 ut
502 3788 597 3839 alienas
610 3803 626 3839 a
638 3792 747 3863 gemino
763 3792 832 3840 sacri
847 3797 1003 3841 teitussou·

186 3868 227 3913 su,
243 3854 269 3903 id
291 3854 404 3903 maxime
427 3853 454 3902 iu
482 3850 692 3902 Protastantium
716 3853 758 3903 vel
786 3852 1002 3906 doctissimorum

186 3914 359 3966 versionibus
373 3916 460 3966 locum
476 3914 575 3965 hebere
591 3920 694 3965 certum
710 3921 759 3965 est.
772 3916 843 3967 Tolle
857 3920 1003 3967 auctorita·

186 3983 239 4028 tom
251 3978 387 4035 Ecclesia,
402 3990 462 4041 quai
476 3977 571 4047 Christi
584 3978 759 4041 promissione
773 3978 849 4037 tutte,
865 3981 911 4030 dut
924 3979 1002 4030 nobis

185 4041 244 4090 siue
258 4041 313 4090 ulla
328 4042 425 4090 erroris
440 4039 584 4089 tormidine
600 4044 625 4090 at
639 4041 825 4091 sucrusioutes
835 4048 861 4092 ct
871 4044 1002 4092 sincerum

184 4102 281 4153 horum
294 4101 456 4158 versionem,
470 4102 602 4166 patebunt
615 4102 707 4153 omnia
721 4103 817 4154 dubiis.

215 4166 277 4216 Esto
290 4165 371 4215 rudes
386 4171 412 4214 et
425 4163 549 4229 imperiti,
561 4165 666 4216 seclusa
680 4165 839 4216 auctoritate
865 4165 1000 4231 Ecclesia,

184 4229 250 4298 certi
264 4229 319 4277 siut
335 4228 367 4277 de
381 4226 433 4276 fido
448 4227 611 4289 versionum,
627 4241 681 4278 nori
697 4243 745 4294 pro
767 4233 839 4279 terea
852 4228 1000 4292 legitimum

183 4289 381 4354 Scripturaruin
392 4303 500 4340 sensum
511 4295 698 4363 assequentur.
718 4244 763 4341 dii
771 4290 823 4341 hoc
842 4304 949 4342 necesse
960 4297 1002 4343 eat

184 4353 368 4403 testimonium
381 4365 441 4402 cuin
450 4351 779 4405 testimonio.librumcum
791 4353 999 4410 librocoulcrre,

182 4415 363 4478 praecedentis
386 4428 446 4465 cuni
475 4414 703 4478 subsequentibus
726 4420 902 4478 connectere;
926 4418 999 4481 quod

182 4478 290 4542 quidam
301 4479 335 4529 ah
347 4475 478 4542 imperitis
493 4490 525 4526 ne
541 4478 636 4527 tentari
672 4477 762 4528 uidem
777 4482 873 4542 potest.

215 4539 243 4590 ln
256 4541 298 4591 hia
308 4537 540 4612 ndhueobjicitur3
550 4491 709 4590 Fateorieri
720 4554 774 4590 nou
782 4540 998 4606 pusseulsinguli

182 4601 336 4665 Christiani,
347 4604 425 4653 etiarn
433 4602 638 4667 rudasimperiti
647 4604 793 4667 legitimum
801 4604 998 4668 Scripturarum

181 4679 291 4715 sensum
307 4664 422 4729 propriis
436 4665 537 4715 viribus
551 4672 737 4728 assequuntur.
752 4665 804 4715 Sed
823 4668 845 4715 si
872 4680 998 4731 supremo

181 4727 297 4790 Spiritus
309 4728 392 4778 sancti
408 4728 509 4777 lumine
522 4727 700 4786 illustrentur,
715 4728 736 4777 si
754 4730 825 4779 Deus
852 4730 942 4779 unicui
966 4744 998 4780 ue

180 4803 289 4841 sensum
300 4794 401 4853 aperiat
407 4790 441 4840 ad
452 4789 639 4849 intelligendas
647 4790 957 4852 Scripturasuihilobsta
978 4794 998 4842 it

180 4854 325 4916 quominus
336 4853 422 4916 stipsi
431 4853 580 4915 Scripturas
605 4851 763 4917 intelligunt.
779 4857 813 4905 itt
829 4855 938 4903 memini
954 4870 997 4905 ixia

180 4915 288 4967 audisse
303 4918 344 4965 vet
358 4914 455 4977 legisse
467 4914 572 4978 uspiam
581 4913 651 4964 hanc
661 4919 929 4967 essel‘roteatautium
938 4918 997 4981 opi·

179 4978 298 5037 niobem,
335 4979 387 5028 uod
404 4975 589 5027 relintadasse
605 4978 732 5041 Spiritum
748 4985 869 5030 sanctum
885 4980 997 5042 singulis

179 5040 301 5110 ildelibus
315 4993 466 5104 iucipiens
480 5039 522 5089 vel
543 5040 694 5104 legentibus
716 5043 755 5092 uel
770 5042 950 5099 audientibus,
967 5048 997 5093 ut

177 5104 243 5161 ipsis
253 5104 403 5169 legitimum
415 5102 510 5152 haruin
521 5116 631 5152 sensum
643 5108 777 5167 augaernt,
788 5110 866 5216 ium
881 5104 908 5153 id
922 5106 993 5168 quod

176 5163 785 5229 cbristusprouisit,us'piriiusvsriiiiisoocs
807 5165 994 5216 itvosomnciii

175 5228 323 5279 veritatem.
336 5250 348 5275 s
359 5228 387 5279 ld
411 5243 443 5278 ue
454 5228 622 5278 contundunt
631 5229 994 5291 spostotoconiiinieri‚dum

175 5289 199 5336 is
210 5291 291 5339 reteri
301 5291 372 5341 hauc
391 5243 519 5341 ieremias
534 5290 716 5354 prophetiam:
732 5293 788 5342 Hoc
798 5299 837 5342 est
849 5296 994 5362 testamen·

177 5354 233 5400 tum
245 5355 321 5421 quod
336 5354 477 5418 disponam
492 5354 584 5403 domui
599 5353 679 5404 lsrael
693 5361 753 5418 post
767 5355 825 5404 dies
839 5355 908 5409 illos,
928 5354 995 5404 dicit

175 5415 318 5465 Dominus:
335 5417 428 5467 [lando
444 5416 516 5479 leges
530 5429 604 5466 meas
618 5417 645 5466 in
662 5422 778 5467 mantem
795 5431 896 5476 cursim,
913 5422 940 5467 ει
965 5417 993 5467 iu

175 5476 255 5526 corde
270 5490 363 5527 cornui
383 5480 571 5539 sriperscritam
592 5492 645 5536 eus,
670 5485 696 5529 at
708 5494 753 5530 cro
764 5482 802 5530 eis
816 5481 844 5530 in
860 5481 952 5537 Deum,
967 5485 994 5531 et

174 5538 226 5603 ipsi
235 5545 316 5589 eruut
326 5541 390 5589 inibi
400 5541 427 5589 iu
438 5541 583 5604 populum:
596 5546 683 5591 atrion
694 5542 993 5653 docebituuusquisqus

176 5604 328 5715 Ereximuui
340 5616 418 5651 suum
430 5610 455 5652 et
467 5604 869 5667 unusquisqualratremsuum3
899 5603 990 5656 icona:

198 5677 313 5731 agnosce
324 5664 876 5729 bominumiquoniamomnesscisntmcu
886 5668 991 5719 minore

534 30 689 93 lunicius
711 25 972 92 PATROLOGIAE
993 25 1221 89 sanctitas.
1240 58 1279 72 -
1292 26 1415 88 lunnx
1435 25 1523 89 CLV.

1828 27 1906 88 600

1058 156 1185 228 usquead
1196 157 1360 223 majorem.»
1370 157 1751 219 Quibusrerhisrideturuou
1764 160 1903 211 obscure

1057 220 1901 286 innuibincessciteetesieprerogativamutomuesomnieo

1056 281 1201 334 Christiani
1209 298 1336 348 supremo
1344 285 1550 348 Spiritussancti
1561 284 1653 336 aiilatu
1662 284 1853 346 illustrentur,
1865 291 1901 334 ut

1059 346 1144 408 legem
1159 344 1216 405 Dei,
1231 352 1257 397 et
1272 348 1384 410 proinde
1399 348 1551 412 Scripturas
1564 353 1696 397 eteorum
1726 349 1897 412 genuinum

1059 421 1166 458 sensum
1182 409 1363 473 intelligant...
1378 410 1584 475 Respondetur:
1600 410 1659 460 Nou
1675 409 1699 460 is
1726 417 1766 462 eet
1783 425 1899 462 eorum

1060 472 1203 533 Scripturas
1218 485 1301 523 sacrm
1316 471 1500 524 testimouium
1510 486 1615 523 sensus.
1630 474 1706 523 Prius
1723 474 1792 525 euim
1803 475 1902 539 quod

1060 534 1194 605 protulisti
1203 536 1235 584 sd
1247 536 1382 596 apostolos
1392 534 1458 585 etad
1469 549 1568 599 corpus
1578 536 1704 586 Ecclesiae
1718 541 1826 608 spectat
1841 553 1850 596 ;
1870 545 1904 586 ει

1062 611 1083 646 si
1095 596 1663 661 adsingulosiidsaexteuslstorseususestu
1671 599 1903 649 neminehaberi

1062 661 1326 724 possecognitiouem
1334 661 1554 714 omnisveritstis.
1567 661 1805 725 nisipchpiritum
1816 675 1903 711 san·

1062 726 1149 781 ctum3
1160 723 1329 786 nequeenim
1342 736 1448 774 omnem
1458 724 1597 773 veritatem
1607 730 1709 774 norunt
1717 739 1810 775 omnes
1822 737 1903 774 om-

1063 785 1128 833 niuo
1141 784 1295 844 Christiani,
1310 791 1340 836 ut
1354 787 1512 850 quotidiana
1526 787 1690 849 experientia
1701 801 1747 850 per
1757 801 1784 837 se
1794 792 1900 851 patet.

1094 846 1133 896 dd
1148 846 1262 898 alterum
1278 848 1461 900 testimouium
1476 862 1508 898 ex
1522 848 1637 899 teremia
1651 854 1678 899 et
1696 863 1728 898 ex
1749 850 1902 914 Apostolo

1063 910 1214 973 praelatum,
1230 911 1303 974 quod
1317 916 1430 976 spectat,
1446 915 1547 961 eertum
1565 918 1606 960 eat
1620 924 1727 975 quoque
1742 926 1794 962 nou
1817 926 1899 964 eum

1063 971 1901 1039 eiscilliussansum,quodlegemDeletabstrusumScriptu·

1064 1047 1154 1084 rarum
1169 1048 1279 1086 sensum
1293 1036 1392 1100 singuli
1407 1035 1553 1087 Christiani
1568 1037 1626 1086 sine
1650 1039 1775 1101 magistro
1798 1038 1900 1088 intel·

1064 1097 1157 1147 lecturi
1172 1100 1234 1148 sint.
1248 1100 1274 1148 ls
1290 1101 1362 1150 enim
1378 1114 1486 1149 sensum
1502 1105 1529 1149 et
1551 1098 1695 1150 manifesta
1715 1100 1903 1164 experientia

1065 1158 1205 1216 relcllitur.
1221 1168 1248 1211 et
1261 1160 1322 1212 aliis
1335 1163 1477 1226 Scriptura
1493 1161 1559 1211 locis
1572 1174 1627 1211 non
1643 1162 1766 1213 obscuris
1783 1163 1902 1213 consu·

1064 1225 1144 1272 tatur.
1161 1241 1173 1267 s
1188 1222 1277 1279 Fides,
1292 1225 1380 1288 iuquit
1392 1224 1545 1287 Apostolus,
1561 1238 1593 1274 ex
1617 1224 1720 1276 auditu.
1744 1226 1901 1284 Quomodo

1066 1285 1178 1334 audient
1192 1288 1251 1335 sina
1265 1288 1428 1352 predicante
1438 1290 1474 1337 »i
1488 1288 1516 1336 ld
1527 1300 1610 1337 unum
1626 1300 1689 1346 erpo
1704 1287 1900 1351 colligendum

1065 1352 1152 1397 estex
1167 1348 1218 1398 hoc
1235 1349 1360 1400 teremiae
1383 1350 1537 1400 testimonio
1560 1350 1594 1399 ab
1617 1350 1744 1412 Apostolo
1769 1352 1897 1416 prolato,

1065 1409 1136 1480 lianc
1157 1424 1215 1461 esse
1235 1411 1302 1461 Novi
1327 1413 1489 1463 Testamenti
1512 1414 1726 1476 praerogativam,
1750 1414 1822 1476 quud
1850 1415 1898 1463 ita

1066 1474 1209 1524 scribenda
1223 1479 1296 1526 esset
1309 1475 1349 1526 lex
1363 1476 1409 1525 ltei
1425 1476 1450 1523 in
1466 1474 1602 1525 mentibus
1615 1478 1641 1525 et
1655 1474 1781 1525 cordibus
1795 1477 1897 1526 homi·

1065 1547 1129 1585 nuui
1143 1550 1191 1599 per
1204 1535 1332 1607 Spiritum
1347 1542 1478 1598 sunctum,
1492 1542 1520 1587 nt
1534 1538 1618 1598 legem
1634 1536 1704 1586 hauc
1718 1538 1777 1588 sina
1787 1552 1896 1601 magns

1066 1596 1157 1668 labore
1166 1598 1307 1649 Christiani
1324 1600 1454 1650 edocendi
1469 1598 1533 1650 sint.
1548 1599 1676 1650 Nimirum
1688 1601 1758 1649 Deus
1770 1601 1827 1664 ipsc
1838 1614 1899 1665 per

1066 1665 1178 1722 gratiam
1193 1676 1268 1711 suani
1285 1661 1454 1726 singulorum
1469 1661 1605 1712 mentibus
1623 1669 1650 1713 et
1667 1663 1794 1713 cordibus
1816 1664 1898 1713 insi-

1065 1727 1133 1772 nuat
1146 1724 1218 1787 quod
1236 1725 1285 1788 ipsi
1304 1739 1319 1774 a
1332 1724 1467 1788 magistris
1482 1726 1623 1775 docentur.

1096 1786 1128 1834 Et
1137 1790 1207 1857 certe
1215 1787 1237 1835 ai
1247 1801 1343 1837 sensus
1354 1786 1570 1838 testimoniorum
1587 1786 1753 1851 hujusmodi,
1770 1789 1816 1850 qui
1831 1802 1897 1839 uon

1065 1848 1144 1910 pauci
1160 1862 1187 1897 in
1203 1850 1276 1900 Novo
1288 1851 1459 1901 Testamento
1482 1851 1662 1909 reperiuntur,
1678 1853 1701 1899 ia
1719 1856 1790 1901 earet
1833 1851 1896 1902 uod

1066 1910 1164 1972 singuli
1172 1914 1282 1961 ouiuiuo
1291 1912 1434 1962 Christiani
1446 1927 1564 1984 superno
1575 1911 1783 1976 Spiritussancti
1795 1913 1823 1963 ai
1842 1919 1895 1963 stu

1065 1971 1234 2024 illuminandi
1248 1981 1348 2030 esseut,
1358 1975 1391 2025 ad
1400 1975 1615 2038 perspiciendum
1623 1975 1883 2027 abstrusioremscri
1895 2008 1897 2011 -

1066 2037 1898 2101 ptururumsensumjiiurnullusessctmouuasecturumundi-

1066 2110 1119 2161 que
1134 2101 1336 2164 exsurgentium
1351 2100 1517 2150 commentis.
1535 2101 1569 2150 Sc
1584 2102 1714 2150 divinitus
1728 2101 1895 2152 illustratum

1066 2163 1212 2211 contendet
1223 2162 1350 2212 Calvinus
1359 2162 1894 2223 adversuslutherumbuthcrusadver·

1067 2223 1344 2294 susCatviuum.ldem
1356 2226 1896 2291 consendeutsnebapiisie.ciquotquot

1066 2285 1135 2334 icrct
1150 2288 1363 2338 orbisiauatieos
1375 2302 1383 2346 ς
1397 2290 1550 2350 contendet,
1561 2289 1680 2352 iuquam,
1692 2289 1781 2350 quivis
1791 2289 1894 2340 lausti-

1067 2360 1123 2407 cus,
1139 2347 1190 2397 sibi
1206 2350 1337 2400 divinitus
1353 2349 1473 2400 inlusum
1495 2350 1578 2400 inissa
1601 2364 1664 2400 eum
1688 2351 1893 2415 scripturarum

1067 2423 1184 2468 sensum,
1195 2424 1249 2475 quo
1262 2420 1388 2462 suasecta
1398 2412 1682 2475 nititur.Sicpstebunt
1690 2418 1781 2463 omnia
1789 2413 1893 2464 labulis

1067 2475 1093 2521 ει
1107 2475 1243 2525 erroribus
1257 2481 1283 2525 et
1299 2475 1418 2525 fallaciis.
1432 2475 1499 2525 Nam
1523 2480 1611 2538 puteat
1633 2475 1748 2539 Spiritus
1768 2483 1891 2534 sanctus,

1066 2533 1181 2598 Spiritus
1193 2539 1284 2602 utique
1294 2539 1425 2592 veritatis,
1436 2537 1486 2588 sibi
1498 2540 1548 2601 ipsi
1559 2540 1752 2588 contradicere.
1762 2539 1822 2588 Non
1838 2553 1891 2603 pc·

1066 2600 1118 2646 test
1132 2600 1248 2650 rereisre
1264 2601 1379 2650 luthero
1394 2600 1529 2650 Christum
1543 2614 1601 2650 esse
1611 2614 1703 2651 revera
1725 2609 1890 2665 prieseutern

1067 2660 1093 2708 iu
1109 2659 1287 2726 Eucharistia,
1303 2668 1330 2713 ει
1343 2664 1407 2713 Zvin
1429 2663 1464 2714 lio
1478 2662 1612 2714 Christum
1628 2664 1716 2727 reipsa
1739 2666 1833 2714 abesse
1852 2666 1888 2715 ah

1066 2722 1243 2795 Eucharistia.
1258 2725 1295 2775 Ex
1313 2726 1355 2775 liis
1369 2678 1474 2790 ccliige,
1489 2729 1686 2786 agnoscendum
1701 2740 1760 2777 ease
1772 2729 1889 2777 omnino

1066 2783 1220 2857 hominibus
1235 2790 1420 2839 auctoritatem
1431 2802 1658 2853 supremamque
1668 2795 1841 2853 erumpentes
1852 2791 1887 2840 de

1065 2847 1194 2907 religione
1206 2851 1372 2915 questiones
1389 2854 1447 2901 sine
1471 2853 1568 2901 erroris
1590 2850 1735 2900 formidine
1756 2853 1886 2913 dirimat;

1068 2909 1168 2981 alioqui
1185 2915 1315 2975 patebunt
1329 2916 1419 2964 omniu
1434 2914 1659 2977 disputationibus
1673 2928 1679 2973 ς
1691 2912 1758 2963 nibil
1772 2915 1823 2964 nisi
1837 2916 1887 2964 du·

1064 2971 1138 3046 hrum
1152 2981 1274 3028 occurret
1288 2978 1315 3025 iu
1332 2977 1412 3028 rebus
1426 2975 1497 3036 fidei,
1513 2990 1563 3025 uec
1577 2976 1700 3039 impediri
1715 2976 1885 3043 poteritque

1065 3049 1155 3085 miuus
1168 3051 1262 3089 omnes
1281 3040 1392 3089 *simus
1416 3040 1520 3105 purvuli
1538 3040 1704 3097 lluctuautcs,
1722 3044 1749 3089 et
1768 3040 1885 3091 circuni·

1065 3097 1182 3170 ieramus
1196 3104 1269 3152 omni
1287 3108 1368 3152 vento
1383 3101 1522 3158 doctrinm,
1539 3101 1566 3152 in
1581 3101 1700 3165 nequitia
1729 3101 1884 3163 homiuum,

1064 3173 1091 3209 iu
1107 3165 1207 3214 astutia
1222 3167 1253 3215 ad
1269 3167 1526 3215 circumuentionem
1540 3167 1648 3215 erroris.
1664 3185 1677 3211 s

1096 3223 1163 3274 lluic
1188 3227 1359 3277 incommodo
1388 3228 1506 3277 occurrit
1526 3226 1654 3277 ineii'ab'li
1678 3240 1727 3277 sua
1747 3226 1884 3290 sapientis

1064 3285 1134 3357 [leus
1148 3295 1203 3351 opt.
1218 3303 1288 3341 max.
1306 3292 1370 3340 Nam
1383 3289 1465 3354 iussit
1478 3289 1621 3340 Ecclesiam
1637 3289 1671 3338 ab
1694 3290 1822 3340 omuibus
1836 3305 1884 3341 au-

1063 3346 1113 3395 diri
1130 3356 1156 3400 et
1184 3353 1302 3413 eonsuli3
1330 3353 1505 3417 promisitque
1531 3365 1735 3415 permansuram
1760 3367 1818 3403 csse
1846 3355 1882 3403 ad

1061 3408 1142 3459 fluem
1159 3428 1242 3478 usque
1254 3416 1412 3465 saeculorum
1430 3415 1581 3471 Ecclesiam,
1606 3415 1805 3465 immaculatum
1828 3418 1882 3466 uti·

1061 3485 1113 3535 quc
1128 3481 1154 3525 et
1168 3475 1361 3541 incorruptam,
1377 3491 1425 3528 nec
1439 3478 1558 3527 laturum
1572 3490 1689 3541 uuquam
1707 3482 1737 3527 ut
1750 3478 1881 3529 adversus

1061 3548 1120 3584 eam
1135 3545 1220 3602 portoe
1232 3539 1310 3590 iuleri
1326 3541 1496 3604 prrevaleaut.

1097 3601 1257 3653 'traditionis
1275 3604 1418 3653 necessitas
1434 3604 1521 3651 adhuc
1536 3602 1666 3666 probatur
1675 3615 1708 3651 ex
1724 3602 1789 3666 ipsis
1803 3604 1880 3655 hete-

1061 3666 1170 3717 rodoxis
1182 3679 1227 3727 qui
1242 3667 1413 3715 traditionem
1428 3667 1502 3728 parvi
1518 3678 1546 3714 sc
1562 3665 1677 3727 pendere
1696 3664 1865 3727 profitentur.

1092 3730 1272 3780 Protestsutes
1283 3729 1332 3791 ipsi
1343 3729 1427 3779 multa
1437 3728 1558 3786 credunt,
1569 3728 1807 3778 multaobscrvsut
1817 3743 1878 3790 qua

1061 3804 1116 3841 nou
1132 3789 1183 3839 nisi
1199 3792 1342 3840 traditione
1358 3792 1491 3840 novimus.
1507 3790 1625 3840 Credunt
1638 3791 1772 3853 baptisma
1787 3791 1875 3840 inlau-

1060 3853 1276 3912 tibuscollatum,
1293 3855 1416 3903 collatum
1430 3852 1573 3909 inlusione,
1601 3853 1725 3902 collatum
1742 3853 1775 3902 ab
1790 3853 1875 3904 baire-

1060 3917 1127 3972 ticia,
1145 3915 1262 3965 validum
1278 3929 1353 3976 esse3
1368 3917 1395 3964 id
1411 3922 1437 3965 ει
1451 3929 1501 3965 nos
1515 3913 1657 3965 eredimus.
1672 3916 1701 3964 ld
1718 3922 1809 3965 autem
1820 3929 1876 3965 non

1058 3977 1210 4041 Scripturis,
1227 3978 1272 4027 sed
1290 3979 1345 4027 anta
1358 3977 1501 4028 traditione
1520 3982 1633 4028 constat.
1658 3977 1733 4027 Diem
1757 3979 1877 4028 Domini·

1060 4055 1116 4090 cam
1132 4040 1191 4090 luco
1206 4040 1312 4091 Subhnti
1328 4042 1511 4099 sanctificent3
1536 4040 1617 4090 festos
1642 4037 1701 4089 dica
1724 4040 1876 4103 complures

1058 4104 1208 4162 celebrent3
1225 4109 1252 4152 ει
1266 4105 1292 4152 iu
1308 4102 1448 4152 Britannia
1464 4103 1558 4164 hiejori
1573 4103 1741 4165 frequentior
1768 4108 1808 4153 est
1825 4104 1876 4153 ista

1057 4165 1187 4216 laetorum
1203 4165 1308 4216 dicrum
1323 4166 1485 4216 observatio.
1502 4166 1563 4215 iisse
1577 4174 1667 4214 anterii
1683 4178 1741 4215 esse
1752 4164 1875 4216 iacienda

1057 4229 1113 4279 solu
1127 4229 1236 4278 traditio
1251 4229 1337 4285 docet,
1353 4234 1382 4278 ut
1397 4230 1434 4278 sit
1447 4227 1473 4277 S.
1489 4229 1664 4300 Augustinus.

1087 4292 1155 4349 Quin
1168 4297 1195 4340 et
1205 4291 1287 4341 multu
1297 4298 1361 4340 suut
1371 4291 1398 4340 ixi
1409 4291 1700 4354 Scripturisprmcepta.
1715 4302 1829 4353 quorum
1839 4290 1874 4340 ab

1055 4353 1240 4404 observatione
1257 4353 1409 4412 abstineut;
1424 4366 1473 4402 iiec
1497 4358 1586 4402 tamen
1609 4355 1636 4402 in
1659 4367 1691 4402 eo
1713 4366 1822 4416 peccare
1845 4368 1874 4403 se

1054 4416 1299 4479 suspicantur.lioec
1308 4420 1397 4466 autem
1409 4430 1462 4465 non
1473 4429 1531 4465 essa
1544 4416 1694 4465 necessario
1705 4416 1874 4467 observanda

1053 4479 1112 4591 miii
1125 4478 1269 4529 traditione
1287 4479 1380 4543 liquet,
1397 4479 1478 4543 hujus
1491 4476 1532 4528 rci
1547 4477 1669 4541 exempla
1694 4480 1749 4528 duo
1769 4492 1872 4543 ponere

1051 4554 1082 4592 su
1114 4541 1174 4593 cist.

1083 4605 1202 4654 Primum
1212 4603 1370 4665 exemplum.
1385 4602 1525 4653 Lationem
1538 4603 1635 4663 pedum
1646 4603 1756 4654 omnino
1766 4608 1872 4667 proeler·

1052 4670 1160 4717 miltuul
1174 4667 1366 4723 Prote=tuntes,
1385 4664 1447 4716 licet
1457 4667 1519 4715 sica
1530 4665 1634 4715 Christo
1646 4672 1780 4728 praecepta
1794 4665 1828 4716 sit
1843 4671 1871 4717 ut

1052 4733 1247 4778 sacromentum
1259 4743 1290 4777 ευ
1302 4729 1353 4777 ritu
1365 4728 1506 4778 instituere
1522 4730 1655 4785 videatur,
1665 4731 1686 4777 si
1702 4744 1714 4776 s
1736 4735 1809 4778 cutes
1832 4728 1870 4778 lit·

1051 4794 1161 4841 leruleni
1172 4791 1315 4841 verborum
1324 4793 1492 4842 sensumiiit
1501 4792 1571 4840 enini
1584 4791 1706 4841 Christus
1715 4744 1808 4840 istro:
1820 4808 1833 4837 a
1843 4791 1869 4841 si

1052 4868 1106 4905 non
1116 4855 1206 4903 lavero
1218 4860 1251 4909 te,
1263 4866 1317 4901 nou
1327 4853 1439 4903 babebis
1455 4858 1557 4915 parterii
1581 4868 1685 4902 mccuui
1695 4872 1708 4897 »
1723 4863 1749 4903 et
1763 4854 1869 4911 deinde.

1052 4935 1064 4960 a
1080 4916 1135 4966 Vos
1148 4916 1251 4965 vocatis
1266 4928 1317 4971 me,
1332 4915 1459 4977 Magister
1474 4921 1500 4966 et
1512 4917 1634 4975 Domine,
1646 4921 1673 4966 et
1685 4915 1754 4966 bene
1763 4916 1868 4975 dicitis;

1050 4992 1108 5027 sum
1124 4977 1232 5029 etenim.
1247 4977 1274 5026 Si
1290 4992 1353 5042 ergo
1367 4993 1417 5051 ego
1432 4979 1483 5028 lavi
1500 4979 1580 5040 pedes
1595 4984 1696 5029 vestros
1706 4980 1833 5028 Dominus
1843 4983 1870 5028 et

1049 5039 1185 5100 Muciater,
1203 5048 1230 5090 ει
1244 5054 1291 5089 vos
1306 5042 1409 5091 dehetis
1436 5041 1505 5091 aller
1525 5039 1636 5091 alterius
1663 5042 1752 5091 lurore
1777 5041 1867 5105 pedes.

1049 5103 1203 5167 Exemplum
1219 5103 1291 5152 enim
1308 5103 1369 5153 dedi
1386 5103 1470 5160 vobis,
1482 5103 1747 5167 utqucmudmodum
1759 5118 1808 5168 ego
1818 5102 1868 5153 ieci

1049 5165 1178 5219 vobis,''la
1188 5170 1215 5215 ει
1224 5180 1271 5214 vos
1282 5165 1395 5215 lecistis.
1407 5186 1419 5209 s
1430 5165 1494 5226 Quis
1506 5179 1558 5214 nou
1571 5166 1612 5215 his
1621 5166 1709 5216 verbis
1719 5180 1867 5218 sacramen·

1049 5232 1105 5278 tuui
1122 5229 1225 5279 institui
1239 5228 1404 5293 intelligeret,
1421 5230 1472 5278 uisi
1487 5230 1636 5277 certissimo
1650 5226 1793 5280 traditione
1808 5244 1868 5279 cuu-

1048 5295 1131 5340 starot
1145 5304 1198 5341 nou
1213 5305 1271 5341 essa
1288 5291 1346 5341 brec
1360 5305 1392 5340 eu
1406 5291 1510 5340 ratione
1528 5290 1711 5354 intelligenda.

1079 5354 1196 5403 litterum
1214 5356 1374 5414 exemplum.
1391 5353 1524 5403 Solemnis
1535 5359 1617 5403 estas
1630 5354 1671 5403 lex
1689 5354 1723 5404 ab
1739 5352 1866 5416 apostolis

1048 5414 1075 5465 ixi
1084 5415 1198 5469 concilio
1208 5415 1451 5489 hierosolymitano
1462 5416 1573 5474 sancite,
1589 5430 1642 5480 qua
1653 5418 1806 5529 {recipitur
1824 5419 1866 5466 ab·

1048 5479 1175 5528 atinentiu
1191 5494 1206 5528 u
1221 5478 1357 5529 suuocaiis
1371 5483 1396 5530 ει
1411 5480 1559 5542 sanguiue3
1577 5481 1651 5543 aqui
1674 5494 1705 5528 us
1720 5485 1808 5529 tumen
1820 5481 1864 5529 mi·

1048 5542 1119 5590 nime
1135 5543 1310 5603 abstinemus,
1327 5542 1364 5590 uli
1380 5555 1431 5590 nec
1449 5541 1498 5603 ipsi
1522 5541 1703 5591 Proteslsutes
1719 5544 1863 5591 abstineut.

1047 5603 1202 5668 Verbaipss
1216 5604 1323 5654 concilii
1338 5605 1437 5653 reterre
1449 5604 1544 5666 juvat:
1562 5623 1572 5647 a
1589 5604 1684 5653 Visum
1699 5611 1740 5654 eat
1753 5604 1862 5668 Spiritui

1046 5673 1139 5717 sancto
1153 5670 1180 5717 ct
1194 5665 1280 5727 nobis,
1296 5664 1364 5717 nihil
1376 5666 1444 5718 ultra
1457 5666 1596 5731 imponere
1604 5667 1678 5717 vobis
1687 5665 1861 5732 onerisquum
