3934 6050
87 223 144 282 lli

84 348 373 410 oliensaconjnnclum
386 341 422 392 sit
437 336 769 411 religionsmtemporalis
784 333 919 386 commodi

84 427 165 464 cansa
174 409 355 466 dissimulare,
370 407 425 455 Deo
436 403 543 453 vindice
554 404 715 466 permissum
727 403 776 470 est.
789 404 819 448 ut
830 397 919 460 impe·

83 478 153 526 rium
161 474 291 537 ejusante
302 460 919 519 felicissimuminsummamiulelicitatemrela·

82 542 202 590 beretur.
212 532 438 598 isaqnebleronia
448 524 912 596 siccatoquibusdamrecrudescere

82 604 251 651 viderentur.
266 596 332 646 Cum
343 594 413 644 enlm
424 590 555 663 Licinium
566 590 702 663 juniorem
723 589 755 637 de
768 586 913 665 rebellione

82 649 914 786 nintltttftltuttttetulitltllfttltlillld

86 790 169 853 gestia
185 799 250 836 vere
266 795 402 847 magnum,
419 780 551 839 castitate,
565 776 723 839 ceterisque
735 775 855 824 moribus
870 785 913 822 iii·

82 853 198 910 sienem,
216 847 295 912 quasi
311 856 436 895 noverca
449 846 572 904 stuprum
595 842 762 895 intentasset,
783 848 912 911 unacum

83 916 183 963 Fausta
197 925 259 969 sua,
278 908 424 971 multisque
439 910 571 968 praterea
584 905 711 966 spectata
726 902 833 950 virtutis
848 912 913 948 viris

82 974 273 1026 crudelissime
285 969 429 1021 interfecit.
445 968 484 1021 eb
496 966 554 1015 brec
564 971 666 1015 scelera
675 965 821 1028 imperator
831 976 847 1011 a
856 962 912 1010 Dan

81 1042 154 1101 lepra
171 1049 319 1101 percussus
332 1046 392 1082 cum
407 1031 440 1080 ab
451 1030 603 1092 aruspicum
614 1027 759 1090 responsis,
770 1024 911 1098 quibusnad

81 1104 186 1166 lepram
201 1097 352 1148 curandam
364 1091 551 1145 innocentium
562 1091 722 1153 sanguinem
733 1101 860 1161 sanguini
871 1100 912 1135 in·

81 1169 213 1214 nocenter
225 1160 310 1210 eh'nso
320 1158 419 1207 addere
430 1154 601 1208 monebatur,
612 1155 760 1202 matrumet
769 1148 911 1200 infantulo·

79 1241 138 1340 ll}
148 1221 501 1338 titillantibus
511 1212 910 1341 :spiritualitatis

77 1305 118 1402 ιιι.
131 1304 175 1400 ιίι)
188 1323 255 1399 osb
266 1346 433 1396 Cordubensi
444 1342 580 1406 episcopo,
588 1341 910 1409 sanctorumqueaposto·

78 1415 165 1464 lorum
177 1413 253 1463 Petri
264 1415 292 1460 et
304 1409 377 1459 Pauli
387 1404 555 1472 apparitione
565 1403 666 1461 didicit,
678 1402 859 1452 Silvestrume
870 1399 909 1473 la-

77 1477 160 1527 tebris
171 1477 209 1525 ab
219 1472 316 1524 exsilio
327 1469 519 1526 revocandum,
534 1467 567 1517 ab
578 1464 909 1530 eoquclaracrumbeptis·

77 1541 155 1589 matis
165 1552 230 1589 esse
249 1534 446 1598 expetendum
462 1531 534 1594 quod
552 1530 573 1578 si
588 1529 697 1587 laceret,
713 1526 833 1598 futurum
848 1538 908 1574 esse

76 1603 163 1652 eidem
175 1595 337 1663 imperatori
348 1595 537 1659 promiserunt,
549 1598 579 1641 ut
588 1591 623 1640 ab
633 1590 715 1640 animi
726 1590 909 1639 simiiletcor·

77 1667 149 1727 poris
157 1663 327 1725 contagione
338 1653 909 1714 emundetur.obtemperaiepostotorumsi

77 1730 199 1791 episcopi
212 1723 334 1781 monitis,
345 1720 510 1785 Sylvestrum
522 1717 556 1766 ab
566 1716 661 1766 exsilio
671 1719 785 1768 revocat.
796 1719 822 1764 et
832 1718 908 1776 post-

76 1804 156 1846 quam
168 1788 279 1852 aliquot
287 1784 384 1835 diebus
393 1796 442 1847 per
451 1782 574 1831 eumdem
585 1780 613 1827 iii
624 1778 677 1827 lide
692 1779 832 1826 institutus
841 1777 908 1826 luis-

76 1859 122 1910 set,
134 1853 304 1923 baptisatus,
316 1853 342 1897 et
351 1846 440 1896 subito
451 1858 466 1894 e
476 1844 551 1908 lepra
561 1841 707 1910 mundatus
716 1844 765 1889 est.
774 1839 907 1950 Hussrsille

77 1926 181 1979 accepti
192 1909 322 1963 beneficii
333 1922 443 1964 memor,
456 1912 485 1955 ut
501 1919 578 1955 suum
593 1903 751 1966 ergalteum
766 1907 793 1951 et
833 1901 906 1976 ‚cels-

76 1977 144 2027 sism
158 1976 291 2026 aflectum
306 1977 399 2021 notum
414 1969 521 2025 laceret,
539 1968 628 2016 subito
647 1967 757 2016 deorum
768 1965 907 2034 gentilium

75 2043 137 2089 lana
147 2038 247 2094 diruit,
258 2027 908 2100 plurimasdirluocultuiconsecrandasecclesias

73 2101 217 2158 exstruxit,
238 2112 341 2162 easque
364 2094 534 2159 amplissimis
558 2092 638 2142 donis
659 2090 907 2140 munificentissime

73 2166 229 2215 exornavit.
241 2162 276 2211 Et
285 2158 494 2223 eamindignum
502 2152 906 2218 esseJ'ndicaret,utjamdictum

72 2228 123 2278 tait
137 2228 169 2277 in
186 2229 300 2285 Μοιιπο,
318 2236 378 2272 eam
392 2220 486 2271 urbem
501 2220 529 2267 in
544 2230 598 2282 qua
609 2219 754 2266 monarcha
765 2216 847 2264 totius
857 2214 907 2262 Ec·

71 2292 171 2346 etesias,
188 2287 348 2349 Christique
364 2283 391 2332 iu
402 2283 481 2354 terris
492 2278 606 2331 vicarius
618 2277 760 2336 residebat,
772 2277 908 2349 secularis

70 2353 220 2472 ilidii,
237 2340 907 2467 :titilldlt'ttlturittiiltlit‘ltitlt

71 2492 132 2528 rum
149 2476 309 2527 dominium
326 2478 353 2522 et
364 2471 579 2536 iurisdictionem
596 2467 770 2530 temporalem
781 2465 908 2515 Silvestre

72 2542 191 2652 ‘EQ‘
201 2535 382 2648 *ibiibi
391 2528 908 2645 bilbilitanuslb³¹⁰¹*

91 2614 270 2652 centissimo
361 2612 400 2645 i·
533 2632 539 2654 ‚
613 2628 618 2650 ‚
682 2629 689 2652 ,
752 2628 759 2648 ‚
822 2626 828 2639 .

101 2665 155 2725 Qui
171 2667 327 2726 imperator
340 2634 511 2713 vsnbrsbiiis,
527 2656 591 2705 duni
605 2654 708 2704 turbari
723 2653 801 2703 fldem
812 2652 909 2703 Christi

72 2731 240 2777 arianorum
256 2721 431 2774 intestatione
442 2719 550 2775 doleret,
568 2716 680 2767 missiea
691 2717 772 2766 latere
782 2716 909 2779 suoprin·

73 2791 214 2853 cipalibiis
233 2788 311 2843 viris,
327 2785 361 2835 de
377 2784 503 2835 universo
519 2781 621 2830 mundo
635 2779 776 2842 episcopos
796 2791 907 2849 congre·

73 2868 150 2917 gans,
160 2852 315 2903 concilium
326 2845 477 2897 universale
488 2843 612 2899 instituit,
623 2842 669 2892 ulii
679 2842 859 2898 tidesChristi,
875 2841 907 2890 ab

73 2917 205 2979 apostolis
217 2921 247 2964 et
260 2911 400 2975 prophetis
410 2908 562 2972 praedicata,
574 2905 685 2975 tirmiter
694 2909 735 2954 est
745 2918 790 2954 ore
800 2909 910 2974 sancto·

72 2993 131 3029 rum
146 2978 342 3031 corroborata,
353 2970 523 3022 illuminante
535 2982 581 3017 eos
591 2973 678 3032 gratia
688 2967 801 3031 Spiritus
812 2970 907 3017 sancti.

73 3044 119 3093 Ubi
134 3044 198 3107 ipse
215 3044 302 3091 tantae
320 3033 479 3086 humilitatis
503 3033 626 3096 apparuit
643 3036 669 3081 et
688 3030 825 3080 humiliori
845 3031 907 3079 sede

70 3120 150 3168 quani
166 3117 272 3153 omnes
286 3101 406 3163 episcopi
421 3100 527 3146 sederet
542 3109 570 3144 in
585 3093 644 3165 ipso
654 3093 777 3165 concilio.
787 3093 907 3156 Cumque

71 3168 184 3230 quidam
203 3177 302 3215 eorum
318 3162 385 3211 alios
399 3163 566 3214 accusarent,
576 3162 615 3205 ait
625 3172 631 3205 ς
643 3175 655 3200 «
666 3157 720 3206 Vos
729 3156 766 3205 dii
777 3158 849 3212 estis,
857 3169 907 3217 ego

72 3230 153 3280 bomo
165 3243 243 3278 sum.
255 3226 316 3276 Non
328 3238 391 3287 ergo
401 3223 511 3287 dignum
522 3224 562 3270 est
573 3225 602 3269 ut
617 3219 698 3269 homo
717 3219 782 3269 deos
795 3218 907 3281 judicet.

72 3293 143 3343 luter
159 3306 215 3341 voe
231 3301 343 3339 causam
359 3285 461 3343 audite,
476 3288 504 3333 et
515 3296 608 3347 pacem
630 3281 725 3341 iecit03
744 3295 805 3331 nam
821 3295 871 3343 ego
885 3280 907 3330 si

70 3355 199 3405 riderem
216 3352 386 3402 sacerdotem
401 3346 449 3398 nei
459 3350 613 3410 peccantem
624 3344 766 3408 chlamyde
776 3357 836 3393 mea
846 3358 907 3393 eum

75 3418 262 3480 cooperirem.
276 3432 290 3461 ι
300 3413 350 3471 Qui
361 3410 442 3461 etiam
453 3407 671 3477 religiosissimus
680 3408 722 3456 vir
738 3408 840 3469 primns
854 3407 907 3455 Ro·

75 3469 907 3541 manorumimperatorum,tidemveritatisputenteradeptus,

75 3544 220 3594 hcentiam
237 3537 316 3589 dedit
329 3551 378 3602 per
392 3537 548 3585 universum
563 3534 654 3582 orbem
669 3545 718 3581 suo
733 3533 847 3605 degente
862 3531 910 3580 im·

74 3608 152 3669 perio
169 3618 229 3654 non
246 3603 336 3651 solnm
349 3598 405 3649 lieri
420 3597 593 3654 Christianos,
608 3595 654 3644 sed
672 3600 698 3644 et
712 3593 858 3644 fabricandi
870 3608 910 3644 ec·

76 3670 174 3717 etesias
191 3671 220 3716 et
235 3665 383 3715 tribuenda
396 3660 522 3725 presidia
536 3656 683 3708 constituit.
704 3657 824 3720 Denique
837 3657 908 3706 idem

78 3731 215 3795 praelatus
230 3728 360 3789 princeps
374 3724 487 3773 donaria
500 3723 631 3770 immensa
640 3724 667 3770 et
681 3719 808 3769 lubricam
818 3720 910 3783 templi

78 3795 173 3855 pdmae
190 3792 269 3841 sedis
284 3788 413 3850 principis
428 3783 742 3849 apostolornminstitult,
755 3783 821 3831 adeo
833 3786 862 3831 ut
872 3797 909 3832 se·

78 3858 139 3905 deni
155 3853 344 3919 imperialem,
358 3862 438 3913 quam
454 3844 569 3896 Romani
584 3844 719 3910 principes
733 3845 910 3907 praesiderant

78 3920 252 3982 relinqueret
269 3920 296 3964 et
309 3915 335 3962 Β.
351 3914 439 3968 Petro,
454 3909 563 3972 suisque
586 3907 746 3981 praesulibus
769 3908 910 3981 protutura

81 3982 260 4031 concederet.
271 3978 312 4026 Ab
323 3975 370 4025 illo
384 3973 455 4023 enim
472 3976 593 4035 tempore
608 3976 635 4021 et
648 3971 775 4033 deinceps
784 3984 834 4019 viri
847 3970 910 4020 reli·

79 4042 146 4107 giesi
158 4056 217 4092 nnn
226 4032 910 4101 solumpossessionesetpraedis,qusspossedersnt

79 4107 125 4155 sed
136 4110 165 4155 et
174 4102 341 4166 semetipsos
356 4101 554 4152 consecrarunt,
571 4096 733 4146 edificantes
744 4095 867 4145 basilicas
882 4097 910 4145 ιιι

80 4171 135 4217 suis
146 4168 249 4217 lundis
259 4166 287 4213 iii
299 4166 401 4213 bonore
410 4166 563 4210 sanctorum
574 4172 623 4222 per
634 4156 756 4208 civitates
771 4171 802 4206 ac
817 4172 912 4208 mona·

79 4233 164 4281 steria
179 4232 329 4279 innumera
343 4228 369 4276 iii
391 4225 490 4289 qulbus
509 4227 594 4272 coetus
612 4219 728 4271 Domino
748 4223 912 4271 serventium

80 4293 259 4344 conveniret.
274 4289 341 4339 Deui
364 4302 396 4338 ue
411 4300 486 4349 reges
499 4299 530 4334 ac
545 4283 674 4346 praesides
689 4297 719 4333 ac
742 4284 913 4357 magistratus

80 4370 136 4406 non
151 4356 247 4405 solum
263 4352 333 4402 banc
344 4302 482 4401 ¹boantium
496 4347 684 4403 attribuerunt,
701 4346 747 4395 sed
763 4350 842 4395 etiam
861 4347 912 4420 ipsi

102 4433 131 4468 ro
152 4420 196 4468 ria
210 4416 302 4479 largiti
316 4419 379 4463 sunt
394 4426 440 4475 per
451 4411 577 4460 universa
586 4422 671 4471 regua
680 4412 845 4459 terrerumet
854 4423 914 4473 ejus

143 4482 211 4531 esim
215 4511 267 4528 .....
283 4477 320 4526 De
337 4471 505 4525 Constantini
519 4473 594 4535 lepra
608 4477 635 4521 et
644 4472 780 4521 curatione
795 4485 843 4544 per
851 4472 914 4536 bup-

81 4548 195 4594 tisuium
211 4542 293 4593 lacta.
306 4538 372 4602 lege,
387 4535 455 4593 viii,
470 4535 526 4591 800,
545 4539 622 4584 notas
636 4534 756 4584 Severini
770 4533 851 4584 Binii.

113 4600 333 4657 mursuflius
345 4597 580 4663 Langobardorum
588 4595 915 4647 rex.-EelicisLucensis

81 4682 98 4718 e
117 4669 206 4733 iseupi
220 4667 346 4717 chartam
361 4659 522 4713 monasterio
536 4660 554 4709 S
573 4658 717 4721 Frigidiani
730 4658 915 4709 confirmatam

81 4734 212 4781 videmus
220 4727 408 4779 confirmatam
420 4723 586 4774 aCuniberto
597 4721 832 4783 Langobardorum
844 4737 871 4771 re
891 4736 915 4779 e,

84 4808 158 4844 anne
168 4792 228 4843 rao.
240 4789 275 4840 Et
285 4788 365 4839 etiam
377 4787 472 4850 majori
482 4799 561 4850 quam
573 4784 615 4834 ille
625 4784 714 4833 studio
724 4783 814 4834 caeteri
833 4737 916 4858 trufis

83 4859 225 4919 principes
233 4857 316 4917 atque
327 4849 455 4915 episcopi,
469 4862 518 4913 pro
530 4850 700 4911 peccatorum
709 4860 817 4896 suorum
826 4861 915 4896 remis·

83 4922 162 4969 done
172 4931 251 4967 nova
261 4913 455 4965 monachorum
466 4911 589 4961 eeenobla
599 4908 878 4959 laudaruntMultaex
886 4911 917 4958 iis

84 4984 272 5032 numerantur
286 4991 302 5025 a
314 4975 445 5026 Romanis
456 4973 630 5047 pontificibus
653 4970 765 5035 aliisque
784 4971 918 5084 episeoqis

82 5048 255 5094 constructa.
280 5040 366 5089 multa
386 5052 401 5087 a
422 5036 589 5110 principibus
608 5033 813 5091 Beneventanis,
834 5049 878 5084 niu
892 5038 917 5085 ta

85 5108 197 5157 deinum
209 5120 226 5154 a
243 5102 358 5152 ducibus
371 5098 518 5155 Fon-lulli,
535 5098 649 5151 Tuscis,
660 5101 739 5159 atque
754 5097 787 5145 ab
804 5097 919 5147 eliislta·

84 5170 130 5220 lioe
145 5166 333 5227 magnatibus.
351 5166 473 5215 Attamen
496 5158 732 5225 langoburdorum
752 5159 867 5211 adventu
888 5175 920 5209 ac

125 5232 270 5294 putatione
279 5227 380 5277 lactum
388 5230 429 5275 est
437 5229 467 5274 ut
477 5224 575 5273 saeculo
585 5226 688 5271 vietvii
697 5223 918 5272 monasteriorum

85 5310 114 5344 ia
128 5295 205 5343 ltalia
219 5290 399 5342 fundationes
417 5301 472 5337 nain
488 5292 542 5336 tam
557 5286 710 5349 trequentes
718 5284 825 5334 ‘luednt
839 5290 919 5349 atque

85 5360 114 5407 in
130 5358 221 5407 Gallia
237 5359 265 5403 et
280 5351 427 5402 Britannia.
442 5351 498 5399 lino
513 5362 545 5398 ex
560 5347 593 5397 iis
604 5352 733 5411 queunte
744 5348 852 5397 condita
864 5349 921 5398 lue·

83 5427 152 5470 rant
164 5433 225 5469 nori
236 5429 322 5481 pauca
337 5413 412 5463 luere
432 5414 528 5471 excisa,
548 5413 584 5461 ita
604 5415 634 5460 ιιι
653 5422 686 5458 ne
704 5422 795 5458 eorum
813 5411 920 5473 quidem

83 5483 222 5532 memoria
241 5478 368 5542 supersit.
389 5475 440 5525 Sed
458 5474 502 5523 illa
519 5474 687 5537 potissimum
704 5473 876 5522 celeberrima
890 5488 921 5521 ac

84 5546 225 5595 ditissima
240 5539 403 5591 monasteria
417 5550 526 5588 evasere
541 5538 638 5601 quibus
648 5535 755 5584 initium
767 5535 842 5583 dedit
852 5536 921 5598 quis·

85 5608 162 5671 piam
178 5612 229 5657 aut
254 5602 394 5652 nobilitate
418 5601 523 5663 pencris
546 5602 594 5650 aut
616 5598 757 5648 sanctitate
776 5598 836 5647 vilse
855 5612 922 5661 pras·

85 5678 184 5730 sisns;
200 5665 358 5718 fundatoris
373 5664 446 5713 euliu
463 5663 557 5724 virtus,
575 5662 620 5724 qui
634 5660 747 5710 larcsibi
762 5659 869 5722 figebat,
881 5662 923 5711 sni

85 5734 211 5784 reminis
235 5728 392 5780 celebritate
416 5726 469 5790 piei
492 5725 581 5789 gentis
598 5723 747 5774 oblationes
766 5724 873 5773 crebras
897 5729 923 5775 ct

87 5798 234 5862 ingentem
255 5790 450 5855 (ιιιιιιιιιοιιιιιι
471 5792 551 5853 atque
570 5786 701 5838 sodalium
719 5786 824 5851 copiam
843 5786 877 5838 ad
894 5801 922 5839 se

559 207 681 271 luunt
704 206 756 269 DE
779 205 810 266 S.
834 202 1058 268 rourtntcis
1079 208 1321 274 POTESTATE.

1735 217 1793 276 tte

974 333 1107 389 trahebat.
1120 338 1158 390 lta
1172 346 1281 392 sanctus
1298 342 1458 393 Benedictus
1474 343 1637 394 monasterio
1653 342 1794 395 Catinensi

974 411 1006 447 sc
1023 398 1189 461 Sublacensi,
1203 409 1312 455 sauctus
1325 405 1508 456 Columbenus
1525 406 1661 462 llobiensi,
1685 413 1795 458 sanctus

976 463 1196 524 dussimusetc,
1207 471 1257 517 etc.
1267 469 1359 531 Neque
1377 470 1515 532 segniores
1533 469 1797 532 inejusmodlstudio

968 525 1079 575 luerunt
1094 528 1139 577 alii
1154 543 1231 592 reges
1245 544 1276 579 ac
1290 544 1415 593 proceres
1422 536 1498 582 extra
1508 530 1622 582 ltaliam.
1632 531 1796 590 Quotexem·

989 587 1005 635 li
1033 602 1122 647 causa,
1149 593 1339 643 monachorum
1363 593 1498 643 domicilia
1522 595 1666 645 excitarint
1687 596 1796 646 Carolus

967 600 1331 768 lklffligixs'hejigzguiiasllgius
1360 655 1513 707 Ludoricus
1541 658 1613 716 Pius,
1641 662 1703 716 etc..
1733 663 1795 719 etc..

998 752 1213 846 EKKEA'RDUS’,
1231 778 1413 844 Uraugiensis.
1428 804 1459 817 -
1472 780 1537 844 Ejus
1553 780 1706 832 Chronicon
1732 796 1793 833 uni·

968 838 1075 889 versate
1095 839 1234 891 historiam
1249 842 1467 905 chronologicam
1489 843 1571 893 refert
1591 843 1792 897 dissensionum

967 899 1180 976 Gregoriipapec
1193 904 1247 966 vit,
1263 908 1290 955 et
1303 907 1373 969 regis
1391 904 1497 956 ilenrici
1507 906 1551 965 IV,
1567 905 1789 967 calumniose.

967 961 1060 1014 Ferme
1075 965 1188 1016 historia
1202 970 1295 1018 eadem
1311 975 1352 1017 est
1368 982 1399 1018 nc
1413 968 1458 1018 illa
1490 983 1531 1017 uis
1545 969 1661 1019 retertur
1672 970 1699 1018 in
1713 969 1788 1021 Bello

965 1023 1099 1077 Saxonico
1121 1027 1257 1079 Brunonis
1279 1030 1367 1080 clerici
1388 1030 1481 1095 Eagde
1503 1032 1631 1090 urcensis,
1665 1031 1787 1092 exivit,

966 1089 1082 1139 tel-586.
1099 1091 1161 1141 llaec
1175 1091 1294 1143 historias
1309 1093 1449 1143 breviatim
1465 1093 1571 1144 anobis
1585 1094 1725 1145 datursub
1739 1109 1788 1146 no·

965 1151 1037 1200 iniue
1052 1153 1198 1204 Gaeaoains
1212 1155 1267 1216 Vll,
1284 1169 1364 1219 papa.

995 1214 1210 1278 EUGENlUSllt,
1222 1218 1388 1281 papa-En
1408 1217 1650 1269 culuscreetusest
1666 1221 1788 1283 pontifex

964 1289 1038 1350 anno
1053 1279 1158 1329 bomini
1176 1281 1235 1351 lttb
1251 1285 1373 1351 tempore
1420 1282 1497 1331 nrsdi
1507 1281 1694 1356 imperatoris:¹
1705 1283 1786 1342 «Hic,

964 1340 1789 1472 iltltt‘ltttlutsftsdiruistislliiblllsiltt

963 1465 997 1538 ad
1012 1467 1136 1537 tratenda
1153 1466 1212 1517 orbi
1229 1482 1258 1517 re
1278 1468 1341 1527 alia,
1366 1467 1437 1518 sicut
1454 1472 1640 1520 antecessores
1657 1484 1730 1528 auos,
1749 1471 1789 1522 ita

963 1483 1788 1655 iiiiisilitieidiesuriunteruissetis

963 1655 1166 1705 consecratione
1178 1655 1372 1719 pontificali,ob
1381 1656 1786 1719 persecutionisimmanitatem,

963 1728 1065 1764 morem
1081 1723 1196 1776 mutans,
1215 1718 1382 1769 sublimatur.
1399 1719 1464 1769 lnds
1477 1725 1538 1782 post
1558 1722 1786 1772 consecrationem

962 1776 1084 1849 furorem
1101 1781 1193 1843 populi
1208 1781 1321 1832 llomani
1337 1782 1485 1840 declinans,
1501 1781 1534 1832 ad
1557 1782 1663 1834 munita
1681 1785 1741 1834 loca
1757 1799 1785 1835 se

961 1841 1113 1897 transtulit:
1131 1847 1191 1906 post
1212 1857 1253 1915 ue..
1268 1844 1419 1895 Viterbium
1434 1846 1556 1902 veniens,
1570 1845 1607 1895 ibi
1619 1847 1785 1911 paratiquod

962 1907 1069 1966 tempus
1080 1918 1183 1955 moram
1192 1857 1269 1956 (decit.
1283 1907 1318 1956 At
1328 1905 1464 1958 Romanus
1473 1909 1589 2019 populus
1599 1922 1659 1958 cum
1671 1909 1783 1972 patricio

961 1979 1011 2015 suo
1024 1966 1142 2017 iordane
1156 1969 1183 2017 in
1200 1968 1316 2019 furorem
1332 1983 1435 2029 versus,
1449 1984 1504 2034 pres

962 2027 1111 2089 abolentes,
1127 2044 1222 2081 omnes
1241 2033 1375 2095 principes
1396 2047 1427 2082 sc
1446 2032 1552 2083 nobiles
1570 2047 1603 2082 ex
1624 2034 1728 2084 civibus
1748 2035 1781 2086 ad

960 2091 1155 2166 subjectionem
1167 2092 1269 2156 patricii
1280 2094 1456 2157 compelluut;
1468 2100 1494 2144 et
1502 2096 1783 2207 nonsolumquorum·

961 2153 1023 2202 dani
1039 2154 1184 2205 illustrium
1200 2157 1328 2206 laicorum
1343 2162 1439 2214 turres,
1455 2159 1500 2207 sed
1514 2162 1541 2208 et
1555 2160 1664 2208 cardina
1677 2160 1732 2210 ium
1752 2174 1784 2210 ac

961 2217 1119 2267 clericorum
1135 2219 1230 2268 domus
1244 2220 1405 2270 subruentes
1420 2221 1537 2285 praedam
1553 2221 1710 2271 immensam
1721 2221 1785 2273 diri·

961 2279 1049 2342 piunt.
1061 2280 1204 2331 Ecclesiam
1214 2283 1295 2331 etiam
1307 2281 1382 2333 Beati
1390 2282 1470 2338 Petri,
1481 2282 1602 2333 omnium
1610 2285 1783 2335 ecclesiarum

961 2344 1051 2405 caput,
1066 2343 1232 2393 incastellare
1247 2346 1374 2409 sacrilege
1400 2360 1432 2395 ac
1447 2347 1633 2408 protanissiiue
1648 2360 1704 2397 non
1728 2362 1786 2398 me·

961 2408 1059 2475 tuunt;
1073 2411 1236 2469 peregninos
1250 2422 1332 2459 causa
1346 2409 1476 2458 orationis
1484 2408 1659 2460 advenientes
1667 2411 1701 2461 ad
1712 2411 1785 2460 obla·

961 2471 1072 2526 tionem,
1087 2473 1204 2531 quaestus
1218 2470 1313 2535 gretia,
1328 2470 1415 2535 plagis
1429 2484 1460 2520 ac
1473 2472 1746 2538 verberibuscognnt,
1755 2487 1786 2525 ac

961 2531 1092 2603 quosdam
1108 2545 1141 2581 ex
1153 2530 1221 2603 ipsis
1239 2533 1335 2583 offerre
1358 2534 1481 2584 nolentes
1502 2535 1529 2583 in
1553 2533 1613 2599 ipso
1634 2534 1741 2600 porticu
1759 2541 1787 2586 et

960 2593 1095 2642 vestibulo
1111 2598 1162 2643 tem
1185 2596 1203 2644 li
1219 2596 1321 2646 nelarie
1340 2610 1407 2647 ausu
1427 2595 1549 2646 occidere
1573 2611 1626 2646 non
1647 2604 1785 2651 verentur.

961 2610 1784 2728 Quosvenerabidispontilexpsreuasupriuscumquibusdam

962 2718 1113 2768 fautoribus
1127 2733 1184 2768 suis
1198 2721 1374 2770 anathematis
1400 2721 1491 2785 gladio
1509 2721 1635 2778 tardans,
1655 2724 1784 2786 adiuncta

961 2780 1783 2848 Tiburtinisllomauorumantiqulshostibusinilitiacoercuit,

961 2844 1128 2906 tandemque
1145 2857 1239 2907 pacem
1255 2851 1345 2907 petere
1355 2846 1442 2908 coegit
1451 2859 1532 2909 quam
1544 2860 1637 2909 pacem
1648 2862 1679 2897 eo
1690 2852 1783 2898 tenore

962 2906 1045 2966 dedit,
1057 2912 1086 2956 ut
1096 2907 1253 2969 patriciatus
1264 2907 1419 2968 dignitatem
1431 2909 1652 2967 exfestucarent,
1668 2915 1694 2961 et
1713 2925 1783 2973 prai-

961 2968 1061 3018 lectum
1080 2969 1108 3018 in
1123 2968 1261 3044 pristinam
1276 2969 1434 3033 dignitatem
1450 2971 1617 3035 accipereut;
1643 2979 1783 3023 senatores

962 3038 1051 3082 autem
1067 3046 1167 3095 exejus
1181 3033 1339 3083 auctoritate
1363 3039 1495 3085 tenerent.
1519 3034 1615 3098 Sisque
1634 3036 1662 3085 in
1683 3036 1782 3087 Urbem

961 3095 1078 3151 rediens,
1090 3094 1257 3145 Nativitatem
1276 3096 1379 3146 Domini
1395 3097 1551 3151 celebravit.
1569 3111 1641 3147 anno
1657 3099 1726 3150 lito.
1741 3098 1784 3150 Sic

962 3156 1088 3207 incodics
1094 3157 1225 3208 Vaticano
1235 3160 1272 3208 Eu
1293 3159 1493 3222 eniiingressus
1501 3161 1528 3210 ιιι
1538 3159 1637 3210 Urbem
1645 3166 1782 3212 narratur:

963 3238 976 3265 a
986 3220 1096 3270 Factum
1106 3220 1248 3293 astigitiir,
1268 3173 1322 3271 [qen
1336 3226 1454 3279 auctore,
1465 3222 1597 3295 gandium
1614 3237 1741 3288 inagnum
1756 3226 1785 3295 in

961 3286 1019 3332 tota
1030 3284 1098 3332 Urbe
1109 3298 1140 3333 es
1153 3288 1292 3346 inopinato
1303 3286 1506 3346 accursuipsius
1516 3286 1787 3348 pontilicisoecurrit

962 3344 986 3395 ei
994 3345 1345 3412 maximalrequenspopuli
1353 3347 1564 3398 multitudocum
1575 3349 1665 3399 ramis.
1678 3350 1717 3399 nd
1728 3348 1787 3413 eJua

962 3409 1076 3472 vestigia
1091 3410 1221 3458 continuo
1229 3415 1409 3466 accurrentes,
1421 3414 1481 3469 post
1491 3410 1590 3480 pedum
1598 3411 1691 3461 oscula
1701 3411 1786 3462 eleva·

962 3471 1063 3521 bantur
1071 3472 1104 3520 ad
1113 3472 1166 3520 oris
1177 3472 1471 3522 oscula.Procedchant
1480 3473 1600 3536 signiferi
1607 3487 1668 3524 eum
1679 3474 1785 3533 bandis;

963 3535 1145 3597 sequebantur
1156 3534 1277 3583 scrinarii
1293 3549 1324 3585 ac
1336 3535 1448 3599 judices.
1457 3534 1543 3585 ludici
1556 3550 1663 3600 quoque
1673 3551 1728 3587 nun
1738 3537 1786 3587 de·

963 3601 1040 3646 erant
1050 3599 1132 3646 tantas
1143 3597 1249 3653 laetitiis,
1261 3602 1400 3660 portantes
1408 3611 1490 3661 super
1498 3598 1618 3648 humeris
1628 3597 1684 3648 suis
1697 3599 1784 3661 legem

962 3658 1114 3708 Mesaicsui.
1126 3660 1271 3709 Universiis
1279 3662 1351 3710 enim
1365 3662 1501 3710 ltomenus
1511 3660 1610 3711 chorus
1621 3661 1785 3724 psallebatin

963 3722 1159 3771 uuumdieens:
1172 3743 1184 3764 «
1193 3721 1634 3786 Benedictusquiveniliunomiue
1645 3723 1759 3774 Domini.
1772 3744 1784 3769 a

963 3784 1102 3846 Sicitaque
1110 3798 1168 3833 cuni
1176 3785 1372 3848 magnopopuli
1384 3786 1482 3848 gaudio
1492 3785 1563 3834 idem
1577 3786 1695 3845 pontifex
1706 3787 1784 3836 Late·

963 3847 1783 3905 renensepalatiumconscenderemeruit‚CLXXX‚t004·lthi.

995 3908 1199 3959 EREDERICUS
1213 3909 1368 3972 imperator.
1383 3935 1416 3948 -
1430 3910 1483 3960 lste
1497 3910 1728 3962 consentientibus
1743 3924 1784 3961 ar·

1517 1974 1613 2021 ceturae
1626 1971 1782 2041 dignitatem

964 3972 1143 4036 chlepiscupis
1157 3976 1184 4021 et
1198 3973 1330 4036 episcopis
1341 3973 1483 4022 Teutonici
1498 3974 1573 4036 regni
1584 3987 1696 4024 uxorem
1707 3986 1785 4023 snam
1876 4006 1882 4019 .

964 4033 1787 4163 {rutsfillislllilttltttlltltlttlttistitit

964 4160 1060 4223 primis
1077 4158 1192 4209 divortio
1212 4160 1385 4209 vehementer
1403 4162 1534 4222 arguitur.
1554 4162 1631 4222 Quod
1652 4161 1698 4211 ille
1717 4176 1788 4226 segre

965 4225 1064 4278 terens,
1094 4221 1276 4272 cardinalibus
1299 4223 1427 4273 Romanis
1445 4224 1584 4273 introitum
1603 4225 1740 4274 civitatum
1762 4227 1788 4274 et

967 4284 1142 4335 ecclesiarum
1157 4285 1233 4347 regni
1248 4283 1290 4334 sui
1305 4286 1451 4336 interdixit.
1465 4287 1531 4336 lude
1541 4287 1753 4350 Adrianuspapa
1763 4291 1790 4336 et

966 4349 1125 4399 Fredericus
1139 4349 1285 4411 lmperator
1300 4346 1426 4411 epistolas
1441 4348 1522 4398 nimis
1533 4349 1653 4399 mordaci
1664 4362 1789 4400 sermone

968 4411 1002 4461 ad
1018 4412 1175 4460 atterutrum
1191 4410 1372 4461 conscribunt.
1395 4411 1515 4475 Epistola
1527 4411 1643 4465 ,Adriani
1662 4413 1700 4462 stc
1723 4410 1789 4463 luit:

969 4492 981 4518 s
998 4475 1049 4523 Lex
1065 4472 1165 4527 divina,
1183 4471 1254 4521 sicut
1268 4477 1392 4533 parentes
1407 4474 1604 4524 honorantibus
1617 4474 1680 4525 vitus
1693 4476 1792 4539 longae·

968 4534 1077 4585 vitatem
1100 4536 1261 4598 repromisit,
1281 4535 1319 4586 ita
1337 4535 1562 4586 maledicentibus
1581 4538 1649 4597 patri
1669 4544 1695 4587 ct
1712 4538 1791 4587 matri

969 4597 1131 4648 senteutiam
1142 4596 1320 4647 nibilominus
1334 4599 1559 4649 mortisintendit.
1570 4599 1791 4650 Veritatisautem

969 4675 1036 4711 voce
1052 4661 1188 4714 docemur,
1200 4659 1264 4722 qula
1274 4662 1361 4710 omnis
1377 4662 1423 4724 qui
1440 4676 1468 4712 se
1483 4663 1583 4713 exaltat
1597 4661 1791 4720 humiliabitur,

970 4723 1053 4786 etqui
1063 4736 1091 4772 ae
1102 4722 1400 4773 humiliatexaltabitur.
1409 4724 1663 4788 Quaproptersuper
1673 4726 1793 4788 pruden-

971 4788 1008 4838 tia
1023 4791 1068 4835 tua
1082 4799 1137 4835 nou
1148 4785 1318 4835 mediocriter
1326 4786 1501 4844 admiramur,
1510 4788 1582 4850 quod
1593 4789 1757 4839 beatoPetro
1767 4789 1794 4836 et

971 4853 1070 4899 sanctes
1084 4848 1214 4897 Romanas
1231 4847 1355 4898 Ecclesia
1369 4848 1407 4898 illi
1422 4850 1573 4900 commissas
1588 4864 1642 4900 non
1665 4854 1793 4912 quautam

972 4912 1085 4962 deberes
1101 4912 1277 4960 reverentiam
1292 4911 1418 4961 exhibere
1434 4910 1545 4962 rideris.
1561 4912 1591 4962 lii
1610 4913 1706 4961 litteris
1721 4911 1794 4962 anim

972 4975 1005 5022 ad
1021 4987 1070 5023 nos
1084 4972 1173 5023 missis
1187 4987 1288 5023 nomen
1308 4978 1384 5023 tuum
1404 4979 1497 5025 nostru
1516 4975 1667 5038 praeponis,
1687 4973 1716 5022 in
1740 4986 1793 5037 qno

971 5037 1133 5090 insolentie,
1149 5049 1183 5084 ne
1198 5035 1284 5086 dicam
1300 5038 1575 5097 arrogantissimam
1591 5036 1713 5086 incurris.
1724 5034 1794 5095 Quid

973 5100 1065 5149 dicam
1074 5098 1106 5147 de
1117 5098 1244 5148 fidelitate
1254 5098 1333 5148 beato
1342 5098 1420 5149 Petro
1433 5104 1460 5149 et
1473 5100 1552 5149 nobis
1564 5104 1613 5149 ate
1623 5097 1754 5161 promissa
1769 5101 1796 5148 et

970 5162 1068 5224 jurata,
1079 5161 1214 5224 quomodo
1225 5174 1283 5210 eain
1295 5162 1431 5217 observes,
1443 5163 1527 5225 quisb
1538 5161 1581 5211 bis
1593 5162 1637 5223 qui
1648 5160 1685 5209 dii
1696 5164 1797 5211 suntet

973 5225 1018 5274 lllii
1027 5224 1130 5273 Excelsi
1141 5234 1244 5277 omnes,
1256 5224 1389 5287 episcopis
1399 5222 1796 5287 seilicet,hominagiumreqni-

973 5289 1020 5344 ris,
1035 5287 1189 5336 fidelitatem
1205 5287 1290 5350 exigis
1305 5300 1400 5336 manus
1415 5299 1507 5335 eorum
1523 5290 1693 5335 consecratas
1707 5286 1795 5336 mani·

974 5352 1025 5400 bus
1038 5348 1091 5398 tuis
1106 5347 1231 5405 innectis,
1247 5353 1274 5398 et
1287 5350 1425 5398 manifeste
1440 5348 1526 5397 lactus
1542 5348 1619 5397 uobis
1634 5348 1794 5407 contrarius,

975 5410 1795 5467 cardinalibusalaterenostrodirectis.nonsoluinecelesias,

975 5476 1022 5524 scd
1038 5476 1117 5523 etium
1136 5473 1257 5524 civitates
1271 5474 1347 5537 regni
1362 5474 1400 5522 tui
1416 5473 1539 5522 claudis?
1556 5474 1690 5534 Resipisce
1704 5473 1796 5539 igitur.

976 5536 1111 5600 resipisce,
1126 5537 1173 5586 tibi
1190 5536 1365 5593 consulimus,
1382 5534 1446 5598 quia
1456 5535 1519 5584 dum
1537 5549 1552 5584 a
1567 5536 1646 5586 nobis
1661 5550 1797 5585 consecra·

975 5603 1077 5652 tionem
1092 5605 1260 5649 etcoronam
1277 5599 1415 5654 merueris,
1431 5598 1494 5646 dum
1519 5596 1676 5649 inconcessa
1695 5606 1797 5664 captus,
1872 5644 1876 5653 ,

976 5676 1011 5713 ne
1029 5677 1156 5711 concessa
1172 5662 1275 5723 perdas,
1291 5665 1345 5711 ture
1360 5660 1493 5711 nobilitati
1508 5661 1668 5712 timemus.»

1007 5726 1046 5775 Eu
1062 5726 1219 5788 rescriptum
1231 5722 1401 5786 imperatoris
1411 5723 1444 5773 ad
1454 5724 1591 5775 eumdem:
1605 5725 1679 5775 «Lex
1686 5722 1796 5788 justitiis

975 5787 1126 5852 unicuique
1136 5787 1209 5851 qnod
1221 5799 1299 5837 suum
1310 5791 1350 5838 est
1359 5786 1548 5839 restituit-Non
1560 5789 1631 5839 enlm
1641 5783 1797 5851 parentibus
