3934 6050
119 5027 123 5034 .
204 4987 332 5044 adducta,
347 4986 424 5042 istd..
449 4986 504 5038 734.
521 5014 548 5025 -

196 93 257 157 ’435

194 228 462 288 44444.,555.-34(]
482 229 1030 296 rolahssreticorumepiscopocatbolicos

200 297 326 354 vexante,
350 291 428 352 4444..
453 297 463 342 4
501 320 552 342 .-
565 293 602 344 34
619 293 791 345 altercatione
806 296 948 359 ipsiusmet
961 294 1029 344 Gre-

201 358 270 470 ssorii
296 370 355 406 cum
380 356 575 419 Oppilalegsto
597 356 750 425 Hispanico,
775 357 851 418 44444..
876 357 1029 408 437.-34

539 95 695 160 runicus
717 95 979 161 attenuentur
1000 95 1221 159 sancturus
1241 123 1279 143 ·-
1295 95 1417 158 44434444
1436 93 1567 158 cbxrv.

1871 98 1941 158 ’436

1084 236 1114 302 ut
1128 234 1190 295 agat
1203 231 1400 296 pontisariam,
1416 229 1495 291 44444..
1520 228 1575 301 528.
1590 254 1621 266 -
1633 230 1673 303 be⁴
1689 230 1874 341 penitentia
1891 230 1939 281 Ni·

1084 296 1240 351 uivitarum,
1250 292 1354 343 ibid·
1365 295 1401 365 [te
1411 291 1690 365 prenitentraCbrodie
1703 292 1729 342 di
1737 295 1939 344 etmonachi-

1083 357 1134 407 bus
1145 359 1205 420 ejus
1217 358 1333 420 partium
1346 355 1476 420 injuncta,
1487 353 1562 415 4444..
1574 356 1630 406 549.
1641 382 1670 391 -
1679 354 1718 405 De
1726 356 1904 407 iustiniani
1915 364 1940 408 et

225 422 294 470 ianm
309 419 452 468 simulacro
467 418 538 481 quod
554 420 669 481 papolus
683 420 813 471 adorabat
826 422 853 470 in
870 424 961 470 monte
973 434 1027 483 quo
1081 419 1171 470 Tiberi
1187 417 1414 474 reconciliatione.
1437 418 1517 474 44444..
1532 420 1587 468 347.
1602 445 1632 455 -
1648 420 1684 468 34
1705 420 1770 482 AEga
1784 423 1845 483 qui
1865 421 1939 469 inter

201 482 335 535 Ulfllsicus
346 481 484 530 basilicam
495 480 644 533 4444644444.
654 480 730 541 isid..
740 482 796 533 458.
810 508 842 521 -
856 486 892 533 lle
905 482 1029 534 crucifixi

202 545 319 608 imagine
335 542 405 606 apud
429 542 591 600 Narbonem,
616 544 695 607 44444..
720 548 775 596 725.
789 545 872 596 -De
888 546 1029 608 chilperici

203 609 284 664 vitiis,
295 619 354 655 cuni
365 619 394 656 se
407 611 538 656 assereret
549 608 670 657 omnium
686 608 937 673 prudentissimum,
952 607 1029 667 4444..

201 672 257 720 443.
268 668 346 718 -De
354 668 562 732 intemperantia
572 669 688 733 plurium
696 670 907 722 'romanensium
918 685 978 721 crim
990 671 1031 720 iu·

201 732 276 783 vitati
292 729 407 780 luissent
421 745 437 779 a
450 731 635 794 Fredegunde,
659 730 727 784 ibid.
751 736 806 784 559.
826 761 856 772 -
873 736 908 784 34
923 733 1031 783 4444444

200 794 269 846 liviri
283 793 462 905 imperatoris,
474 793 549 855 44444..
564 797 619 844 578.
634 820 666 832 -
677 797 711 845 34
723 771 947 847 dissolutionibus
956 796 1030 845 chil-

201 856 293 911 derici,
307 856 317 905 i
330 856 382 927 lid„
392 855 448 906 579.
464 884 493 893 -
505 856 542 906 De
554 854 762 970 intemperantia
777 865 803 908 et
815 858 927 910 libidine
943 861 1030 923 Dago-

200 918 270 970 berti
281 932 361 981 regis,
375 917 452 973 ibid..
463 920 549 971 544..-
559 919 597 968 34
610 921 639 970 hl
662 919 708 969 ino
718 921 864 983 provincias
880 922 1030 971 blass‘lien-

201 982 237 1032 sis
251 988 364 1037 rectore.
380 980 459 1037 44444..
479 981 535 1032 348.
549 1006 582 1019 -
595 981 670 1040 Quod
695 982 893 1034 Gundebardue
908 984 1029 1034 converti

201 1044 318 1094 voluerit
332 1048 359 1093 et
373 1045 440 1093 clam
456 1049 486 1093 ut
499 1044 692 1095 chrismaretur
705 1045 821 1108 petierit.
837 1046 913 1103 ibid..
931 1051 986 1097 234.
998 1072 1032 1084 -

203 1109 239 1157 34
251 1107 328 1157 Avito
339 1107 465 1168 episeopo
477 1107 617 1179 perplures
630 1107 739 1157 Judsios
750 1113 936 1171 convertente,
951 1109 1028 1168 ibid..

201 1169 258 1220 325.
273 1196 301 1205 -
311 1169 350 1219 34
361 1169 487 1218 Richards
502 1170 572 1229 regis
586 1172 772 1228 conversione,
786 1172 861 1231 4444..
877 1173 931 1222 493.
947 1200 976 1209 -
993 1175 1029 1222 34

204 1230 321 1296 quodam
332 1232 425 1279 Clinno
434 1245 561 1281 coronam
572 1232 685 1295 sepulcri
697 1232 722 1282 S.
734 1233 838 1284 Martini
848 1235 979 1284 violenter
987 1248 1030 1284 ar·

203 1292 328 1406 {iiiii-¹⁰⁸
336 1294 481 1406 {ignia-'g
494 1321 522 1330 -
535 1296 570 1344 34
581 1309 681 1345 corona
691 1295 766 1347 velut
776 1297 891 1347 naturali
904 1299 1029 1361 incapite

236 1370 272 1467 34
282 1368 443 1481 1655448534
451 1391 581 1481 sigeberti
592 1420 663 1483 regis
673 1418 837 1471 cubiculario
846 1421 891 1485 qui
901 1425 955 1471 tam
964 1423 1029 1472 levis

203 1480 255 1530 trirt
271 1494 352 1544 opera
375 1494 454 1540 quera
483 1495 571 1539 grans
599 1483 754 1545 cupiditate,
771 1482 862 1540 LXXl,
878 1484 934 1534 344.
949 1484 1029 1534 -De

202 1542 355 1603 chilperico
365 1543 528 1593 adulatorem
541 1542 645 1594 hstium
656 1542 825 1609 increpante,
842 1546 917 1607 44444..
928 1546 983 1596 335.
999 1573 1029 1583 -

202 1605 240 1655 34
256 1605 407 1668 chilperico
422 1607 565 1670 quemdam
585 1607 740 1670 episcopum
757 1609 894 1667 adulante,
914 1608 983 1661 idid.
999 1635 1030 1647 -

204 1668 242 1718 34
258 1666 376 1718 Nautioo
401 1669 494 1719 comite
512 1671 742 1721 excommunicato
765 1676 792 1721 44
806 1672 938 1729 absoluto,
953 1670 1029 1730 istd,

204 1732 260 1780 352.
271 1758 300 1767 -
311 1731 347 1780 34
357 1731 473 1795 quodam
489 1730 585 1781 clerico
600 1731 725 1782 AEteririm
741 1738 831 1796 aplaco
854 1748 897 1784 um
908 1735 1029 1784 occidere

204 1792 386 1851 machinante,
397 1792 474 1851 44444..
485 1793 574 1843 aas-
584 1794 619 1844 34
636 1797 811 1846 associatione
846 1796 1029 1853 unichramai,

203 1853 376 1911 childeberti.
393 1855 574 1906 Brirnichildis
591 1863 616 1906 ei
632 1857 753 1915 haduini,
769 1857 844 1916 44444..
860 1859 915 1920 ist,
927 1859 983 1909 534.
998 1884 1031 1896 -

203 1917 371 1968 3444444444
386 1917 568 1969 indifferentis
591 1919 618 1968 iri
640 1919 819 1983 chilpericum
837 1936 936 1982 regem,
951 1920 1029 1980 44444..

203 1982 259 2030 444.
275 2005 308 2017 -
321 1981 356 2030 34
370 1980 514 2031 iustiniani
530 1986 556 2030 44
568 1982 684 2032 AEtherii
699 1984 852 2042 concordia,
868 1984 937 2033 ibid.
952 1983 1030 2033 -De

203 2041 312 2093 bomine
328 2044 354 2092 iu
371 2044 438 2093 44444
452 2045 559 2094 recluso
570 2044 696 2095 militibus
711 2059 771 2096 cum
784 2061 815 2096 ex
831 2062 861 2096 ea
872 2046 1031 2110 expellenti·

203 2104 264 2162 bus,
279 2118 343 2154 vera
355 2111 455 2177 eventu
490 2106 642 2163 roedicente,
658 2106 739 2165 44444..
749 2112 846 2158 377.-
860 2110 897 2158 Do
912 2111 1030 2183 quodem

202 2168 261 2217 cive
276 2166 444 2218 Biturrcense
480 2174 585 2219 emerite
605 2168 676 2219 lacto
703 2168 810 2221 insidiis
831 2171 939 2229 diaboii,
954 2171 1030 2229 44444..

201 2228 259 2280 556.
275 2229 355 2279 -De
371 2232 493 2281 dromone
537 2232 564 2280 ui
585 2245 633 2295 per
648 2232 746 2281 invidia
762 2234 853 2283 ulcera
871 2248 917 2284 cor
938 2233 1032 2283 oribus

202 2290 329 2364 humanis
339 2294 466 2350 immittit,
478 2244 552 2347 4443..
562 2297 655 2366 ⁴⁶⁰2?
668 2294 705 2343 De
715 2249 970 2358 visiouinosqoissns
980 2297 1032 2344 do·

204 2360 259 2402 nati
270 2354 377 2404 luerunt
390 2356 473 2405 abbas
483 2356 572 2405 Sancti
585 2359 654 2406 44444
670 2361 696 2405 44
706 2356 873 2418 chilpericus
884 2373 940 2422 rex,
954 2358 1030 2420 4444..

202 2416 259 2466 452.
272 2444 301 2453 -
315 2416 353 2467 34
367 2417 393 2467 S.
406 2419 512 2468 htartini
524 2420 692 2481 apparitione
704 2421 808 2470 cuidam
820 2421 943 2477 diacono,
954 2420 1030 2480 44444..

202 2481 258 2531 tas.
272 2504 302 2516 -
313 2481 441 2540 Desigais
456 2483 570 2530 ostensis
586 2495 633 2543 per
647 2482 714 2530 duas
729 2489 823 2533 noctes
839 2484 933 2545 legatis
946 2486 1031 2534 cunt·

202 2540 333 2602 chramni,
349 2541 423 2597 ibid..
439 2545 493 2593 ten.
507 2569 540 2581 -
553 2544 590 2592 De
605 2543 737 2608 sangnine
751 2547 797 2610 qui
813 2547 937 2609 apparuit
949 2547 977 2595 iri
993 2548 1031 2594 iri·

203 2604 262 2653 cula
277 2604 377 2654 civitati
388 2605 511 2656 Venetiae
525 2606 657 2669 prosimu,
673 2605 749 2665 ibid,
765 2608 861 2659 485-
871 2610 907 2658 34
923 2611 949 2657 ll.
966 2610 1030 2658 cer·

203 2667 275 2717 mini
286 2667 456 2729 apparitione
466 2671 596 2731 quosdam
608 2669 734 2719 salvantis
744 2668 871 2721 incendio
881 2686 928 2734 per
937 2672 1031 2721 urberu

201 2728 362 2780 Parisiorum
377 2735 527 2795 grassante.
553 2731 627 2787 ibid..
644 2730 698 2781 473.
714 2733 794 2782 —De
816 2733 946 2796 prodigiis
962 2734 1032 2784 circa

203 2796 310 2866 tempus
322 2792 498 2851 childeberti,
513 2792 590 2852 ibid,
607 2793 661 2843 483.
675 2821 707 2832 -
721 2796 786 2845 344
808 2797 939 2864 paritlone
954 2797 1030 2846 urbis

202 2856 351 2906 Antiochiae
374 2856 584 2906 destructionem
602 2857 755 2920 nuntiante,
773 2858 783 2907 i
832 2894 849 2916 .,
870 2859 926 2908 555.
940 2885 973 2897 -
995 2860 1031 2909 34

203 2916 314 2968 Arretio
324 2917 493 2978 Tungrorum
504 2918 631 2982 episcopo
642 2933 800 2982 responsum
811 2937 825 2971 4
836 2921 905 2972 coelo
915 2922 1032 2972 habente

205 2980 240 3032 ds
256 2981 421 3054 ingressione
438 2982 593 3033 Chunorum
620 2983 647 3033 iri
663 2983 767 3041 Gallias.
784 2983 859 3042 44444..
876 2985 933 3036 577.
946 3011 979 3023 -
997 2986 1032 3036 34

205 3043 803 3171 itlitt‘itliht‘“lailitllilthh'i
813 3049 936 3160 bittit
948 3050 1032 3159 lin·

205 3170 260 3219 275.
277 3197 306 3207 -
329 3170 366 3220 34
383 3145 505 3220 ’43454444
528 3170 561 3220 ad
586 3124 941 3244 episcopatumpiedeunte:
955 3149 1031 3236 ibid}

204 3231 260 3280 444.
275 3256 306 3269 ·-
320 3231 358 3281 De
371 3233 465 3282 iudeo
475 3232 585 3282 sceleste
600 3232 634 3281 ab
649 3233 779 3296 injurioso
790 3234 941 3292 interiecto,
956 3233 1031 3294 4444..

203 3292 338 3343 ich-De
347 3293 449 3344 claudii
461 3296 571 3344 avaritia
582 3295 701 3359 reginam
714 3295 917 3354 Fredegundam
929 3298 1032 3347 adeun·

202 3356 246 3412 444.
262 3360 293 3406 ut
307 3356 341 3406 ab
355 3371 387 3407 ea
406 3371 518 3407 munera
532 3358 662 3413 obtineat,
686 3356 759 3418 44444..
775 3359 829 3408 444.
849 3386 878 3397 -
898 3361 933 3409 34
946 3358 1030 3410 Chlo·

205 3416 536 3492 doiecbotbaptismuma
549 3420 576 3469 S.
593 3418 712 3532 Remigio
728 3419 884 3532 recipiente,
899 3421 1031 3478 44444226.

237 3480 274 3530 De
291 3479 382 3531 Prisco
396 3481 493 3533 Judrao
508 3483 656 3544 incredulo,
693 3482 761 3538 44444.
795 3483 835 3533 rs.
851 3511 880 3521 -
895 3485 932 3535 444
946 3488 1032 3535 sancti

204 3541 312 3614 Martini
328 3544 457 3608 reliquiis,
472 3543 550 3602 44444..
565 3545 623 3596 illl.
639 3571 668 3581 -
684 3547 720 3596 34
735 3547 859 3596 44444444
874 3548 1032 3598 pictaviensi

205 3617 334 3671 episcopo
351 3606 463 3658 clericos
487 3608 512 3656 iri
534 3611 622 3670 partes
645 3606 762 3657 Orientis
782 3609 904 3658 mittente
918 3611 951 3660 sd
967 3625 1033 3661 cori-

204 3669 351 3732 quireudss
361 3670 489 3733 reliquias
500 3669 565 3733 ligni
576 3670 720 3720 Dominicis
728 3670 867 3743 cruciatae
876 3678 1032 3723 sanctorum

203 3731 617 3868 suithleiscranne
627 3733 1033 3861 tilttlteithiiiaah

202 3871 271 3909 cono
287 3863 409 3921 tempore
424 3858 588 3909 childeberti
609 3860 691 3921 regia,
707 3857 785 3915 44444..
800 3861 855 3909 527.
870 3886 901 3898 -
918 3862 954 3910 34
967 3862 1034 3911 Gre-

201 3921 277 3985 gorio
292 3921 404 3971 diacono
415 3920 461 3986 qui
475 3926 535 3985 post
545 3919 719 3984 reliquiarum
731 3926 837 3985 raptum
848 3936 863 3971 a
875 3924 1034 3980 pontificalis

203 3983 297 4043 gratita
314 3984 431 4034 oillciuui
457 3989 629 4034 consecratus
652 3988 703 4040 444.
720 3998 844 4049 papaque
861 3984 926 4035 Urbi
944 3986 1032 4044 datus,

204 4044 279 4096 ibid..
290 4046 345 4097 529.
360 4073 392 4086 -
405 4048 443 4096 34
457 4047 624 4107 Radegunda
638 4048 740 4107 reginei
751 4045 895 4097 devotione
905 4046 934 4097 ia
945 4048 1034 4098 cruris

204 4108 352 4159 Dominicis
368 4115 394 4159 et
408 4112 563 4159 sensatorum
576 4114 725 4173 martyrum
736 4108 873 4173 reliquias,
885 4109 961 4166 44444..
977 4114 1032 4162 ree.

203 4196 235 4210 -
245 4171 281 4220 34
294 4170 429 4221 miraculis
445 4187 493 4235 per
507 4173 635 4223 4444444444
651 4173 824 4235 reliquiarum
836 4179 935 4224 sanctas
945 4175 1033 4225 hieriae

204 4231 475 4344 Virginisetaliarum
485 4233 1032 4309 monasteriihierosolymitani,ididam.

203 4297 423 4432 5444344444
431 4297 1032 4431 titillantibustilttlihilhl

204 4422 336 4472 morbidis
349 4427 487 4485 praestant,
501 4421 578 4480 idid..
593 4421 649 4472 733.
658 4447 690 4460 -
703 4423 740 4471 De
755 4424 812 4471 viro
827 4422 918 4473 Aridro
929 4426 974 4486 qui
986 4439 1035 4488 per

204 4484 332 4546 reliquias
355 4486 381 4536 S.
399 4485 544 4536 clementis
569 4484 659 4545 episco
681 4483 688 4534 i
713 4490 740 4535 et
755 4498 813 4535 mar
844 4485 880 4534 ris
902 4487 1032 4549 aquaead

205 4549 349 4611 quemdam
367 4547 468 4598 fontem
500 4548 598 4597 reverti
624 4501 751 4620 45444444.
773 4500 855 4620 ihil,
872 4547 929 4599 738,
953 4575 983 4586 -
996 4550 1034 4600 34

205 4610 383 4674 quadruplata
399 4617 426 4662 et
435 4616 495 4660 orto
506 4610 668 4673 martyribus
678 4624 725 4674 qui
736 4625 799 4660 suas
808 4611 935 4675 reliquias
945 4612 1005 4661 colii
1027 4612 1035 4663 i

225 4672 351 4729 stiarunt,
367 4674 534 4736 quianullus
550 4687 581 4723 ea
606 4673 681 4735 ipsis,
701 4678 730 4722 nt
753 4672 838 4730 aiunt,
855 4675 944 4738 periit,
957 4673 995 4724 ibi
1017 4712 1034 4736 .‚

203 4687 261 4787 454.
274 4762 307 4775 -
321 4736 358 4786 34
374 4750 428 4786 urio
440 4736 553 4786 militum
562 4734 856 4800 chrodieldisquienm
871 4736 1035 4787 abbatissam

202 4797 314 4864 jamjam
343 4798 1036 4911 tadioocclsurussrsrrsssesbariocotrropereussus

207 4861 309 4919 antidi
330 4898 347 4920 ..
363 4864 418 4913 544.
432 4862 515 4914 -De
530 4861 643 4924 sarchop
666 4875 715 4923 ago
739 4860 865 4925 plumbeo
880 4863 906 4913 S.
923 4862 1037 4914 Bartho-

205 4925 294 4976 lomrei
308 4924 420 4988 apostoli
436 4924 463 4975 in
479 4938 552 4976 mare
565 4924 919 5038 sszojprscltireieehgrliwiusuism
934 4926 1037 4989 Liparis

639 5002 652 5037 4
812 5002 828 5037 o
843 5002 857 5037 4
878 5002 932 5038 4444
953 5005 970 5039 o
1007 5002 1036 5038 er

204 5049 274 5100 teias
288 5063 448 5100 aranearum
466 5049 599 5101 divinitus
617 5054 730 5099 emorte
745 5002 954 5107 4444444.βὲὀίάῖ
977 5002 1035 5101 iiie.

203 5137 236 5152 -·
250 5113 287 5163 34
296 5112 501 5163 64444444444444
516 5112 710 5175 reddljubante
720 5124 781 5173 quie
792 5112 890 5175 injuste
901 5128 916 5161 a
929 5112 1037 5177 chilpe-

203 5175 260 5225 rico
274 5175 364 5226 ablata
379 5178 494 5232 tuerint,
507 5175 584 5229 idid..
597 5173 651 5225 427.
663 5200 695 5212 -
704 5173 741 5223 34
751 5174 842 5225 Μ4444
852 5176 1036 5227 relerendario

205 5236 1037 5366 tilthiercelini„:billitranrilitliltttt

205 5361 269 5412 tiam
284 5364 421 5425 accipiens
434 5364 556 5428 spiritum
573 5362 716 5418 exbalavlt,
734 5362 813 5418 45444..
832 5363 886 5415 395.

237 5424 273 5474 34
289 5428 449 5484 poeoireorts
474 5424 624 5477 Praetextati
651 5426 745 5488 episc,
768 5424 854 5480 bisi.
883 5426 937 5476 426.
955 5454 985 5464 -
1000 5427 1037 5477 34

204 5488 320 5550 quadum
336 5491 427 5547 puella
451 5490 574 5540 reclausa
602 5488 757 5538 monasterii
787 5490 960 5540 Pictaviensla
976 5504 1038 5564 quas

202 5563 313 5610 egressa
330 5564 379 5612 per
393 5566 500 5602 morum
523 5558 551 5602 et
569 5551 734 5614 permultum
753 5549 780 5600 iri
803 5553 967 5602 abbatissam
983 5568 1037 5602 rra-

203 5615 364 5672 cunda,moir
378 5617 491 5665 omnino
503 5628 632 5666 conversa
642 5614 956 5678 rediitetprenitenlium
973 5618 1036 5679 egit,

200 5674 280 5735 istd,
294 5678 349 5729 524.
362 5700 396 5716 -
409 5679 448 5729 34
468 5676 585 5742 Gregorii
610 5677 717 5730 diaconi
741 5679 865 5731 arabena
880 5679 914 5730 sd
928 5679 1037 5745 plebem

1084 488 1196 533 crateras
1211 482 1338 545 primates
1353 483 1512 541 prudentius
1535 494 1628 542 agens,
1644 482 1749 530 eunctis
1773 488 1845 532 eret
1864 497 1939 546 prrs-

1084 546 1232 602 cellentior,
1243 544 1320 606 4444..
1331 543 1386 594 657.
1397 571 1426 580 -
1437 543 1475 593 34
1489 542 1663 603 sigismundo
1673 543 1757 594 lilium
1771 545 1937 608 Sigiricnai

1084 612 1210 663 necante,
1237 606 1311 669 4444..
1339 606 1442 655 244-
1465 605 1502 655 De
1518 605 1615 671 Siagrii
1638 609 1665 656 et
1689 605 1822 657 Sirivaldi
1845 622 1937 672 prais

1084 671 1181 729 agendi
1196 668 1309 726 ratione,
1324 668 1389 725 444..
1412 668 1468 718 267.
1486 694 1519 707 -
1534 671 1570 718 34
1584 668 1715 719 Leudaste
1730 669 1840 720 comite
1861 673 1936 720 insi·

1084 734 1142 783 dias
1157 733 1326 793 Fredegundi
1341 731 1470 782 tendente
1485 737 1514 780 ut
1528 731 1587 796 ejus
1602 732 1671 780 lilios
1685 731 1776 792 gladio
1787 734 1936 789 trucidet,

1084 794 1160 853 44444..
1175 795 1231 845 328.
1245 820 1278 833 -
1292 796 1329 845 34
1344 793 1548 844 cuntebramuo
1563 794 1631 843 duos
1644 792 1838 856 Magnacharii
1861 795 1935 845 filios

1083 859 1173 921 gladio
1183 857 1364 918 interimente,
1375 855 1452 918 44444..
1466 855 1521 906 332.
1537 884 1566 893 -
1581 857 1618 906 34
1633 856 1739 907 Ssiomii
1756 863 1784 906 et
1799 858 1933 922 S=gitta=

1084 920 1146 971 tarii
1165 921 1336 970 sacerdotum
1359 920 1488 978 oedibus,
1510 917 1673 977 homicidiis,
1700 919 1845 984 marilegii
1889 936 1932 975 rie.

1084 981 1158 1039 44444..
1174 982 1325 1034 itt-De
1351 980 1517 1032 berachario
1537 983 1570 1031 ab
1595 980 1712 1033 inimicis
1728 983 1763 1033 ab
1784 997 1852 1048 prre
1885 998 1934 1034 ars

1084 1046 1154 1095 iacta
1166 1044 1310 1095 crudeliter
1333 1052 1436 1097 necato.
1458 1042 1534 1101 44444..
1548 1043 1605 1093 354.
1620 1070 1653 1082 -
1668 1044 1704 1094 34
1725 1046 1854 1095 Nautino
1872 1048 1932 1097 444-

1084 1108 1199 1159 racherii
1216 1114 1328 1157 mortem
1343 1106 1499 1156 vindicante
1514 1105 1542 1155 in
1567 1106 1710 1171 quemdam
1727 1109 1931 1172 presbyterum

1083 1177 1239 1220 accusatum
1256 1169 1375 1220 criminis
1390 1170 1479 1242 liujus.
1494 1168 1569 1227 4444..
1585 1169 1642 1219 352,
1655 1195 1688 1207 -
1700 1169 1737 1218 De
1752 1171 1929 1221 assiduitate

1085 1234 1163 1285 Salvii
1179 1235 1308 1283 orationis
1323 1232 1462 1291 exercitio,
1486 1230 1562 1287 4444..
1585 1230 1641 1280 448.
1657 1257 1685 1267 -
1701 1233 1737 1282 [ie
1761 1232 1929 1297 Eupbeooii

1084 1303 1112 1346 44
1126 1297 1235 1345 aliorum
1250 1297 1435 1345 comitantium
1451 1293 1582 1343 orationis
1606 1295 1630 1341 vi
1646 1302 1669 1343 ei
1686 1295 1821 1351 efficacia,
1842 1296 1929 1354 ibid..

1083 1360 1139 1410 436.
1156 1384 1184 1396 -
1201 1358 1238 1407 34
1252 1358 1388 1408 Theodori
1412 1355 1532 1420 episcopi
1548 1357 1697 1406 sariotitate.
1721 1355 1798 1415 4444..
1815 1359 1880 1409 455.
1896 1385 1928 1397 -

1084 1421 1122 1470 34
1140 1420 1197 1470 4444
1211 1426 1238 1470 44
1252 1420 1363 1470 muliere
1376 1420 1516 1469 orantibus
1526 1419 1646 1468 commas
1658 1432 1711 1469 non
1728 1421 1927 1471 metuentibus

1083 1484 1148 1533 dum
1163 1484 1263 1532 cellula
1276 1483 1487 1536 combureretur,
1511 1479 1678 1545 praemunitis
1697 1481 1861 1533 firmissima
1875 1498 1927 1547 spe

1084 1546 1117 1595 de
1133 1546 1230 1596 virtute
1246 1548 1273 1595 3.
1289 1543 1395 1596 liartlai
1412 1546 1457 1608 qui
1476 1544 1655 1604 coacervaret,
1669 1541 1745 1607 4444..
1760 1546 1819 1595 473.
1832 1571 1868 1585 -
1887 1549 1925 1596 tte

1084 1607 1204 1659 eeclesiis
1220 1609 1247 1657 iri
1270 1607 1335 1658 urbe
1359 1606 1493 1656 Pariaiaca
1520 1606 1553 1656 ab
1571 1605 1696 1655 incendio
1712 1608 1843 1665 servatis.
1860 1623 1924 1658 caru

1085 1669 1211 1721 domibus
1225 1670 1330 1727 vicinis,
1345 1670 1419 1726 ibid..
1436 1668 1491 1718 473.
1505 1668 1588 1718 —De
1613 1668 1771 1720 Massiliensi
1786 1671 1924 1735 episcopo

1084 1735 1140 1799 qui,
1162 1733 1205 1782 lua
1230 1736 1378 1795 grassante,
1406 1731 1584 1781 cessationem
1607 1731 1767 1782 calamitatis
1795 1732 1924 1783 obtinuit

1085 1794 1279 1846 intercessione
1294 1796 1380 1845 sancti
1395 1793 1511 1844 Victoris
1536 1792 1634 1842 blaesil.
1657 1796 1749 1863 episc,
1764 1793 1851 1851 44441..
1866 1795 1922 1845 533.

1116 1857 1153 1908 34
1168 1857 1325 1922 rigaberga
1339 1859 1441 1911 reginae
1456 1857 1593 1905 immensis
1614 1856 1752 1906 charitatis
1767 1862 1794 1907 et
1810 1856 1923 1917 pietatis

1086 1922 1229 1977 exercitiis,
1246 1919 1322 1975 44444..
1348 1920 1403 1970 535.
1420 1946 1448 1955 -
1475 1920 1511 1967 34
1528 1917 1765 1982 predicationibus
1790 1918 1922 1983 Gregorii

1086 1981 1202 2043 diaconi,
1213 1982 1287 2040 ibid..
1298 1982 1353 2033 523.
1361 2007 1393 2020 -
1402 1983 1439 2032 De
1449 1981 1634 2030 chrotechilde
1642 1982 1734 2042 regina
1744 1983 1923 2032 incessanter

1085 2045 1119 2095 sd
1134 2046 1226 2095 iimina
1241 2046 1325 2095 sancti
1339 2043 1448 2094 Martini
1461 2043 1626 2093 Turonensis
1641 2044 1809 2093 orationibus
1837 2050 1868 2095 et
1881 2046 1922 2094 vi-

1084 2107 1156 2171 giliis
1173 2113 1344 2171 pervacante,
1368 2106 1444 2163 44444..
1465 2106 1520 2158 588.
1535 2105 1618 2156 -De
1640 2107 1720 2156 beato
1740 2106 1921 2157 Columbaria

1086 2172 1169 2233 episc.
1184 2175 1211 2222 et
1235 2170 1400 2220 Theoderico
1427 2167 1587 2233 regeibid„
1611 2167 1665 2218 524.
1695 2169 1777 2219 -De
1792 2171 1921 2234 quadani

1084 2232 1232 2290 sacerdote,
1250 2232 1296 2296 qui
1311 2234 1374 2282 dum
1389 2232 1453 2281 urbs
1469 2230 1623 2281 vasatensis
1637 2230 1922 2290 obsideretnr‚omaes

1085 2295 1279 2345 adorationem
1298 2295 1466 2353 hortabatur,
1482 2292 1558 2351 ibid..
1574 2293 1630 2343 747.
1647 2318 1679 2332 -
1694 2295 1730 2343 34
1747 2294 1830 2345 Actia
1847 2296 1921 2344 iuter

1085 2358 1177 2407 hostes
1198 2364 1336 2421 pugnante
1358 2362 1385 2407 et
1412 2357 1445 2406 da
1466 2370 1550 2406 uxore
1576 2370 1625 2405 sna
1648 2356 1791 2406 Dominum
1817 2371 1872 2419 pro
1889 2372 1921 2406 eo

1085 2420 1259 2481 deprecante,
1275 2419 1348 2477 4444..
1360 2420 1412 2469 499.
1430 2445 1457 2455 -
1473 2420 1509 2467 34
1519 2423 1613 2468 sancto
1629 2418 1750 2468 Modesto
1767 2422 1876 2469 catenis
1892 2419 1920 2468 iu

1085 2483 1312 2596 {intulisti-tl
1324 2480 1921 2594 trininitatis?risibilitas

1086 2579 1821 2734 inirnonimereserenari
1832 2608 1921 2720 444

1087 2735 1259 2796 reprehensa,
1275 2731 1354 2788 44444..
1369 2731 1424 2782 535.
1434 2757 1466 2769 -
1478 2731 1513 2779 [le
1525 2729 1596 2779 odiis
1608 2730 1665 2780 cliii
1685 2729 1751 2780 erici
1762 2738 1789 2781 et
1800 2732 1921 2782 Franco·

1087 2810 1156 2854 rum,
1172 2794 1249 2852 4444..
1266 2794 1321 2846 565.
1336 2819 1367 2831 -
1381 2794 1418 2844 34
1431 2792 1643 2866 ‚Guutchramoo
1665 2746 1771 2844 6444444
1793 2808 1809 2844 4
1826 2797 1922 2866 regias

1087 2860 1192 2909 veniam
1209 2863 1317 2922 petente
1333 2870 1380 2920 per
1395 2870 1486 2918 episco
1508 2870 1548 2909 os.
1563 2854 1640 2909 44444..
1657 2859 1711 2907 487.
1725 2857 1804 2906 -34
1819 2857 1921 2906 Frorii·

1086 2919 1479 3033 ¹⁰³⁰0⁰¹³b⁰⁹⁰rltt¹tl⁸id
1492 2981 1518 3032 o
1529 2917 1847 3032 'iiiiiidhii’oi‘d'
1863 2924 1921 3033 ⁵⁰6·

1087 3011 1114 3022 '’
1156 2998 1170 3033 e
1187 2997 1202 3033 0
1224 2998 1249 3034 40
1299 2997 1311 3033 r
1620 3017 1626 3034 4
1675 2997 1683 3031 i
1705 3016 1712 3031 s
1800 3020 1806 3030 4
1821 3007 1856 3019 ““’
1908 2997 1921 3034 0

1086 3045 1219 3106 wadone,
1236 3047 1350 3109 conjoge
1364 2995 1395 3095 ii
1424 3043 1489 3101 lilio,
1512 3043 1589 3102 4444..
1607 3048 1662 3095 543.
1690 3017 1722 3081 -’
1734 3044 1770 3093 34
1790 3044 1920 3095 Adulatio

1087 3108 1343 3171 Langobardouensi
1358 3113 1385 3158 et
1399 3109 1492 3172 regina
1511 3106 1706 3167 Gundebergre,
1722 3105 1799 3162 isia..
1813 3111 1871 3159 538.
1889 3134 1921 3146 -

1086 3173 1123 3222 34
1133 3175 1227 3220 saucio
1238 3171 1381 3220 Ambrosio
1396 3173 1572 3226 superaltaria
1583 3169 1769 3219 obdormiente
1780 3176 1808 3219 et
1822 3185 1920 3233 esper-

1085 3232 1190 3298 geiaoto
1205 3233 1407 3298 respondente:
1424 3232 1509 3282 Nolite
1522 3232 1621 3281 turbari
1633 3247 1640 3291 3
1656 3229 1787 3281 Martinus
1802 3233 1880 3287 obiit,
1893 3237 1919 3283 et

1086 3310 1137 3361 ego
1151 3296 1240 3347 iuuari
1256 3298 1314 3359 ejus
1326 3294 1487 3358 obsequium
1506 3295 1676 3356 praesriinrus
1691 3293 1847 3351 semibus..
1861 3296 1919 3345 949.

1086 3384 1116 3396 -
1131 3360 1168 3409 34
1181 3360 1307 3409 34444445
1322 3359 1458 3422 episcopo,
1483 3358 1530 3421 qui
1547 3370 1563 3406 a
1579 3356 1781 3428 Guntchramno
1796 3360 1918 3420 captivas

1087 3422 1182 3480 lactus,
1194 3436 1277 3472 unum
1288 3434 1394 3471 sacrum
1410 3419 1517 3470 calicem
1532 3420 1682 3469 aureamin
1697 3425 1863 3470 numismata
1874 3435 1917 3470 re·

1087 3485 1169 3556 degit,
1184 3499 1266 3548 seque
1281 3489 1308 3535 et
1320 3483 1448 3547 populum
1465 3481 1588 3538 redemit,
1602 3479 1678 3538 44444..
1694 3482 1751 3531 454.
1765 3507 1797 3520 -
1810 3482 1849 3532 34
1864 3482 1914 3532 lar-

1086 3546 1236 3611 gitionibus
1251 3546 1278 3595 io
1294 3547 1379 3596 sancti
1394 3546 1502 3594 Martini
1518 3544 1649 3594 bonoram
1661 3559 1676 3592 a
1689 3545 1837 3608 paraetoni
1850 3544 1913 3609 qaid

1087 3610 1257 3659 numismatis
1268 3608 1294 3656 io
1306 3622 1401 3658 manns
1414 3608 1534 3663 haberet,
1542 3606 1619 3666 ibid,
1630 3606 1686 3656 457.
1697 3607 1775 3655 -De
1786 3610 1915 3669 praesagio

1088 3671 1236 3722 nativitatis
1248 3670 1423 3729 childeberti,
1434 3669 1510 3726 istd..
1522 3669 1578 3719 454.
1590 3697 1618 3706 -
1634 3668 1672 3717 De
1686 3668 1859 3720 childeberto
1871 3671 1913 3720 ba·

1087 3734 1186 3797 ptiaato
1198 3735 1224 3782 ia
1236 3740 1330 3784 sancto
1345 3734 1516 3782 Pentecosten
1531 3733 1574 3781 dia
1584 3737 1611 3782 et
1623 3730 1657 3780 ad
1670 3731 1767 3782 solium
1783 3739 1875 3783 ereata
1888 3735 1913 3783 iu

1088 3797 1130 3846 die
1139 3794 1289 3846 nativitatis
1299 3796 1414 3855 Domini,
1426 3794 1505 3854 44444..
1516 3794 1571 3844 452.
1580 3820 1611 3831 -
1619 3793 1656 3843 34
1666 3799 1752 3864 morta
1762 3794 1830 3845 felici
1840 3794 1867 3845 iii
1877 3795 1915 3844 le·

1087 3864 1129 3909 sto
1145 3859 1252 3908 Domini
1264 3861 1349 3908 sancti
1359 3857 1465 3907 Martini
1475 3859 1648 3907 Turonense
1671 3870 1726 3905 isco
1748 3857 1766 3912 i,
1776 3856 1851 3915 44444..
1864 3861 1913 3908 484.

1118 3922 1156 3971 34
1170 3921 1295 3971 clodovei
1311 3925 1396 3971 morte
1411 3920 1483 3983 apud
1507 3920 1630 3990 Parisios,
1698 3871 1745 3980 Χῐῗ
1764 3919 1820 3970 aab.
1833 3946 1866 3958 -
1879 3921 1913 3971 Dc

1087 3982 1263 4034 Marcutrudis
1277 3984 1435 4033 concubinae
1450 3981 1657 4044 calamitatibus,
1673 3981 1750 4040 ibid,
1762 3980 1817 4034 288.
1832 4009 1864 4021 -
1878 3983 1913 4033 34

1090 4049 1186 4099 durato
1201 4048 1379 4109 patriciacum
1395 4044 1581 4111 Langobardis
1598 4044 1718 4107 praelium
1735 4044 1913 4096 committente

1088 4114 1115 4160 et
1129 4113 1202 4172 terga
1217 4114 1347 4171 vertente,
1375 4107 1449 4163 45444..
1478 4108 1533 4159 354.
1549 4135 1579 4144 -
1603 4107 1641 4157 34
1662 4105 1835 4156 chrodobero
1854 4121 1913 4168 rege

1088 4172 1232 4222 miserabili
1249 4174 1330 4226 crito,
1345 4170 1420 4226 ibid..
1435 4170 1490 4221 342.
1502 4197 1531 4207 -
1546 4171 1583 4221 34
1597 4170 1706 4243 loliano
1721 4172 1854 4219 monacho
1869 4185 1913 4221 as·

1088 4249 1220 4347 stilti
1234 4231 1913 4362 stitit,trististristisricholt

1087 4359 1163 4420 44444..
1174 4359 1230 4409 296.
1239 4359 1318 4408 -De
1329 4357 1473 4414 monacho,
1485 4361 1546 4420 pest
1556 4359 1715 4407 miraculum
1729 4371 1785 4407 suis
1796 4359 1914 4421 precibus

1088 4424 1227 4473 obtentum
1244 4424 1401 4472 verberibus
1417 4434 1544 4484 percusso
1559 4421 1707 4481 superioris
1714 4419 1808 4532 94444,
1823 4425 1855 4469 ad
1871 4435 1914 4472 va·

1088 4498 1149 4534 nam
1164 4486 1197 4535 ab
1213 4498 1244 4534 eo
1262 4488 1439 4534 amovendam
1455 4484 1579 4545 gloriam,
1591 4482 1670 4538 ibid..
1683 4485 1713 4531 29
1733 4511 1777 4532 .-
1792 4484 1826 4533 34
1840 4482 1912 4533 Gan·

1088 4549 1230 4597 tchreniuo
1244 4553 1399 4598 sanctornm
1416 4546 1474 4595 ioca
1491 4551 1517 4596 et
1531 4545 1621 4596 Sancti
1639 4545 1711 4593 aviri
1729 4545 1833 4595 abbatis
1847 4547 1913 4597 bs'si·

1089 4609 1168 4660 licam
1183 4608 1330 4669 invisente,
1345 4608 1422 4667 44444..
1439 4610 1494 4659 455.
1516 4634 1548 4645 -
1565 4609 1601 4658 34
1627 4606 1798 4656 chrodieldis
1819 4615 1873 4658 arte
1889 4615 1914 4660 et

1090 4673 1209 4725 intinctis.
1225 4671 1300 4732 44444..
1316 4671 1371 4724 545.
1385 4697 1418 4710 -
1432 4671 1469 4720 lle
1496 4669 1631 4720 monacho
1654 4669 1688 4719 ab
1712 4670 1809 4720 abbate
1828 4673 1914 4722 multis

1090 4733 1245 4799 opprobriis
1254 4734 1419 4799 reprehenso
1429 4747 1463 4782 ne
1472 4732 1552 4782 nimis
1563 4732 1798 4792 gloriaretuncum
1809 4734 1913 4785 illustris

1090 4804 1116 4849 et
1131 4802 1227 4858 potens
1240 4802 1312 4847 esset
1326 4798 1354 4847 lri
1372 4797 1504 4850 oratione,
1522 4796 1596 4857 istd,
1613 4795 1668 4844 est.
1685 4820 1717 4833 -
1740 4797 1777 4845 34
1802 4798 1913 4861 Augusto

1090 4861 1186 4911 abbata
1201 4860 1256 4910 duo
1274 4858 1438 4910 monasteria
1461 4859 1641 4921 gubernante.
1666 4855 1743 4914 ibid..
1768 4862 1823 4908 587.
1838 4886 1867 4897 -
1881 4861 1913 4911 De

1090 4923 1231 4973 sanctitate
1246 4922 1340 4980 aridii,
1354 4922 1429 4982 4444..
1451 4922 1519 4971 4422.
1533 4946 1565 4958 -
1579 4920 1617 4970 De
1632 4920 1720 4982 legato
1734 4919 1913 4984 Hispaniense

1090 4984 1251 5037 catholicum
1267 4998 1327 5035 essa
1350 4985 1457 5035 dicente
1482 4989 1510 5033 et
1533 4983 1664 5032 inmissa
1685 4995 1736 5033 nea
1751 4998 1841 5045 parem
1857 4999 1912 5036 cura

1090 5046 1231 5099 catholicis
1247 5046 1372 5105 lactente,
1388 5061 1438 5097 uec
1460 5059 1521 5096 cnm
1542 5045 1580 5095 eis
1595 5045 1629 5093 ds
1657 5044 1788 5097 sacrificio
1802 5061 1914 5098 eommo-

1090 5112 1207 5161 nieaote.
1223 5109 1298 5166 4444..
1314 5110 1369 5162 435.
1385 5137 1411 5146 -
1430 5109 1467 5159 De
1483 5107 1572 5158 missis
1588 5107 1732 5157 celebratis
1747 5111 1772 5156 io
1789 5112 1851 5160 urhe
1867 5114 1912 5162 hu·

1090 5174 1243 5230 reliaoensi,
1260 5178 1364 5223 astante
1379 5186 1441 5234 rege
1462 5170 1679 5226 Gnotcbramuo‚
1702 5170 1780 5228 ibid..
1797 5173 1846 5230 tte,
1862 5176 1912 5224 453.

1090 5263 1120 5275 -
1137 5237 1172 5285 ne
1188 5237 1337 5296 ltouohingt
1366 5249 1459 5291 uxore,
1489 5247 1559 5296 quai,
1587 5234 1648 5296 ipso
1677 5233 1825 5303 interiecto,
1847 5250 1911 5300 equa

1091 5313 1204 5350 ascenso
1221 5300 1253 5349 sd
1270 5298 1407 5348 basilicam
1427 5299 1585 5347 Sanctorum
1608 5296 1694 5357 crispi
1710 5295 1912 5363 crispinianique

1091 5362 1256 5435 properavit.
1266 5361 1341 5417 ibid..
1357 5361 1412 5410 488.
1423 5387 1452 5396 -
1463 5360 1500 5409 De
1510 5360 1595 5408 beaten
1606 5357 1780 5418 Radegundis
1791 5364 1913 5424 exsequiis

1091 5440 1119 5475 iii
1130 5425 1195 5474 urbe
1207 5424 1379 5478 Pistoriens,
1390 5421 1465 5476 ibid..
1476 5422 1557 5472 935.Ρ
1567 5422 1603 5471 34
1611 5419 1732 5483 Gregorii
1742 5420 1843 5471 diaconi
1852 5426 1912 5475 miri

1092 5484 1429 5539 abstinentiuetioanditis
1438 5483 1911 5548 444444443444443444444444444444

1090 5547 1589 5664 4444044443’443344434444
1605 5545 1910 5663 aliahltilhh'tl

1090 5628 1210 5735 4444444.
1220 5649 1304 5740 ibid,
1313 5655 1370 5728 635.
1380 5700 1412 5714 -
1421 5674 1458 5726 34
1469 5674 1629 5740 penitentia
1639 5670 1775 5726 Viuaocbi
1785 5671 1909 5744 Brittonis,
