3934 6050
43 162 103 223 {25

40 296 100 343 luut
113 291 143 342 id
158 288 302 356 scriptoris
317 290 383 341 vitio
397 289 584 355 depravatum,
600 294 631 340 ut
644 303 694 353 pro
708 288 877 341 Baulorum

40 359 173 429 corrupte
188 353 326 404 &ulons
339 352 454 417 legatur,
469 354 532 404 iude
551 352 671 404 detracta
692 353 803 417 syllaba.
818 373 830 397 a
845 354 877 403 Et

42 433 91 482 ego
106 419 174 468 dico
189 416 239 467 tlbi
254 416 301 480 qui
317 421 344 467 tu
370 429 401 466 es
423 416 526 473 Petrus,
544 419 595 467 etc.
610 433 624 461 »
648 413 688 465 Ac
710 416 732 465 sl
753 420 877 480 patenter

42 483 114 532 diost
125 493 186 530 uon
202 492 328 529 sermone
344 491 420 528 caseo
435 483 462 528 et
481 479 586 529 nullum
609 478 724 528 habente
750 479 873 529 ellectum

43 544 133 608 operis
144 542 197 593 sed
212 541 277 592 dico
294 540 342 591 tibi
354 555 412 606 ego,
428 540 506 604 eujus
520 541 619 591 dixisse
635 540 728 591 iecisse
746 545 796 599 est,
811 540 876 605 quis

42 607 155 656 verbum
172 618 266 655 meum
282 602 479 668 omnipotentis
490 603 599 668 plenum
615 607 664 665 eei,
689 604 785 663 «Quia
800 606 827 653 tu
846 618 876 654 as

44 669 147 726 Petrus,
160 688 175 713 ι
184 667 260 731 quod
271 681 288 715 s
297 671 372 728 petra
382 667 532 717 derivatum
543 671 583 715 est
593 679 702 724 nomeu,
713 666 789 717 idest
803 680 819 717 s
832 681 875 717 me

43 745 121 805 snper
136 744 226 796 quem
245 728 394 780 oediiloetur
417 726 505 779 omnis
526 729 652 778 Ecclesia.
668 729 727 779 Non
748 728 831 787 euim,
847 734 876 779 ut

44 795 152 858 qnidam
165 794 237 843 male
248 795 353 856 putent,
364 791 671 842 Petrusluudameutum
682 796 722 842 est
732 792 815 843 totins
829 792 877 842 Ec·

45 856 147 916 etesiis,
161 876 175 899 ι
185 854 259 915 Quis
267 853 475 905 laudamentum
490 853 562 904 aliud
577 866 657 904 nemo
668 868 769 917 ponera
778 858 876 919 potest,

45 924 144 985 prietsr
155 917 186 968 id
201 916 277 982 quod
289 916 407 981 positum
421 920 470 975 est,
507 917 559 967 uod
575 921 615 966 est
631 916 750 967 Christus
758 916 845 968 iesus.
860 933 875 964 s

47 1018 102 1033 .....
117 982 155 1031 itt
169 980 323 1031 nomadum
338 979 411 1044 quod
426 930 539 1029 nouitio
555 979 669 1052 primum
684 980 708 1029 ei
720 979 772 1030 boe
789 981 874 1041 impo-

44 1047 125 1095 situm
140 1046 187 1093 ast
202 1055 315 1105 nomeu,
331 1042 379 1094 sed
392 1041 471 1104 louge
485 1054 576 1105 supra,
589 1045 668 1104 Juxta
680 1042 821 1104 loannem,
831 1041 877 1091 ubl

46 1105 164 1158 adduxit
177 1119 244 1156 eum
256 1106 381 1155 Andreas
396 1103 429 1154 ad
444 1103 587 1154 Christum.
599 1122 612 1148 a
627 1104 668 1153 Tu
682 1117 711 1154 es
725 1102 821 1168 iuquit,
837 1103 877 1153 Si·

46 1183 105 1220 mou
120 1167 254 1228 ioannis,
269 1168 298 1218 iu
314 1166 451 1218 vocaberis
466 1166 580 1229 Capbss,
594 1166 666 1230 quod
685 1166 878 1230 iuterpretatur

46 1232 153 1283 Petrus.
169 1250 184 1274 ι
200 1229 236 1281 Et
250 1243 306 1280 non
321 1228 399 1287 dixit,
414 1233 444 1280 tu
467 1226 609 1281 vocaberis
629 1227 723 1278 Petrus
747 1242 800 1293 quo
821 1229 877 1295 jam

46 1299 158 1346 vocatus
174 1297 238 1344 erat
251 1294 370 1351 nomine,
386 1292 433 1342 sed
448 1289 486 1343 ait
502 1293 659 1356 signanter:
681 1290 747 1341 «Tu
772 1295 812 1342 ast
833 1293 878 1343 Pe-

46 1364 99 1408 tias
113 1362 143 1407 et
158 1369 246 1419 super
260 1355 332 1405 hauc
355 1358 467 1418 petram,
483 1368 527 1404 »a
562 1368 595 1405 aa
617 1357 695 1418 petra
718 1354 805 1404 laetas
827 1358 876 1404 est.

47 1439 57 1464 ι
71 1419 221 1471 ndillcabo
229 1416 375 1468 Ecclesiam
391 1430 488 1467 meam.
502 1435 515 1461 n
556 1430 591 1466 on
606 1416 678 1481 quod
693 1416 816 1480 jamtum
831 1416 878 1466 lir-

45 1497 101 1533 mas
116 1486 203 1538 esset,
221 1480 271 1531 sed
286 1479 358 1543 quod
373 1479 494 1530 futurum
509 1484 568 1529 erut
592 1484 621 1529 ut
643 1478 719 1529 tieret
732 1495 748 1529 a
762 1479 876 1530 Christo.

46 1544 209 1605 liathsusel,
227 1555 299 1655 ssm
327 1542 451 1612 eamdem
474 1540 547 1605 prior
570 1540 771 1591 contessionem
791 1542 878 1592 tenuit

45 1622 101 1658 eam
117 1609 178 1657 sit:
197 1623 212 1650 ι
251 1605 323 1656 abbi.
338 1608 368 1654 tu
382 1618 411 1654 es
425 1603 506 1655 Filius
522 1604 575 1666 Dei,
590 1608 619 1654 tu
639 1617 668 1653 es
696 1618 743 1654 rex
760 1604 876 1654 lsrael.»

46 1672 93 1720 Sed
107 1670 155 1719 ille
170 1667 266 1742 adhue
275 1668 465 1731 interrogantis
475 1665 570 1716 allecta
579 1666 775 1740 sendubitantls,
786 1667 878 1738 videre

47 1728 599 1867 traf‘flt’dtitltllltd‘ttdti
612 1742 880 1865 liiiinlllpllili

46 1859 78 1908 de
91 1856 176 1908 eorda
194 1854 396 1905 confasionem
412 1859 441 1904 ut
461 1868 520 1918 epus
543 1853 679 1904 confessio
700 1856 735 1903 sit
757 1867 878 1904 omnium

47 1919 247 1984 spostolorum.
263 1916 296 1968 lit
308 1915 379 1968 sicut
393 1916 472 1967 simul
483 1930 579 1967 omues
593 1916 832 1978 interrogarentur,
840 1915 879 1967 ita

49 1981 76 2032 iu
87 1996 120 2033 eo
134 1980 265 2032 omnium
283 1984 324 2030 est
336 1980 477 2043 responsio
492 1992 547 2029 uua
561 1993 641 2050 supra
655 1992 734 2042 quam
750 1978 880 2030 laudetur

48 2045 174 2102 Ecclesia,
190 2048 221 2094 at
236 2046 330 2093 euntm
340 2056 421 2106 quam
435 2045 517 2106 portia
527 2041 607 2092 interi
618 2055 673 2091 uou
684 2041 878 2105 prevalebunt.

48 2109 114 2166 Quis
127 2121 178 2157 ssu
195 2104 275 2155 dicas
291 2109 386 2155 eontra
400 2105 469 2155 bane
485 2102 564 2155 fidem
580 2118 624 2155 eas
645 2117 699 2154 uon
724 2103 878 2169 prevalere,

47 2185 92 2220 iau
108 2170 185 2219 dieas
201 2167 465 2225 eontrsllcclesiam,
476 2179 536 2231 ques
549 2166 598 2218 heo
612 2165 664 2217 ilde
682 2179 766 2232 supra
790 2165 880 2217 cbris-

49 2238 105 2282 tum
119 2231 241 2282 lundata
255 2233 333 2280 estet
347 2230 477 2288 firmatur,
495 2242 579 2279 uuum
604 2233 652 2287 eet,
675 2242 706 2279 eo
733 2229 805 2292 quod
830 2243 881 2279 uec

47 2295 260 2345 laudamentum
276 2292 440 2355 dissolvitur,
456 2307 505 2342 uec
519 2290 585 2342 fides
599 2292 660 2343 talis
672 2294 797 2356 mutaque
808 2290 881 2343 inllr·

47 2363 144 2416 iustur,
160 2370 217 2406 nec
229 2354 353 2405 Ecclesia
367 2357 438 2406 iuter
452 2355 607 2405 innumeras
623 2367 750 2405 aurarum
767 2358 881 2419 tempas·

49 2425 112 2471 tates
126 2433 182 2469 nee
201 2422 348 2469 vaniorem
363 2415 574 2483 impulsionibus
593 2416 772 2466 subvertetur.

81 2504 92 2526 ι
105 2484 199 2533 Portae
214 2480 296 2531 iuleri
311 2494 366 2531 nou
382 2479 567 2545 prevalebunt
582 2479 711 2529 adversus
724 2493 793 2538 eam,
810 2497 822 2524 a
837 2478 881 2528 rel

49 2545 116 2595 siout
130 2546 239 2595 liabent
254 2542 378 2593 nonnulli
392 2542 513 2602 oudiecs;
529 2560 541 2586 a
558 2555 613 2591 nou
623 2541 808 2606 prevalebunt
822 2541 857 2598 ei,
866 2560 879 2587 a

48 2613 117 2658 reeta
134 2605 284 2672 quaeritur,
302 2604 346 2655 ciii
362 2605 408 2656 eit
425 2605 604 2656 veladversus
638 2618 699 2654 uam
711 2606 723 2654 t
737 2608 826 2654 utrum
837 2603 882 2653 ad·

49 2684 143 2721 versus
157 2671 268 2720 Petram
279 2682 362 2732 super
375 2682 456 2732 qusai
471 2667 620 2718 edificetur
650 2666 748 2716 eclesia
762 2667 820 2725 Dei,
835 2671 882 2717 aut

48 2735 71 2783 ei
85 2733 217 2783 Ecclesiae
229 2744 287 2782 uon
307 2730 494 2802 prevalebunt
519 2743 599 2793 quem
623 2728 737 2780 edificat
759 2729 882 2780 Christus

51 2790 599 2909 lltitittdlltllltttillll
612 2791 882 2905 dilituit?

50 2925 123 2979 bam,
138 2933 229 2983 snpra
250 2931 333 2983 quam
359 2892 507 2969 edificatur:
526 2868 656 2976 irretetis,
681 2930 736 2987 nee¹
753 2869 882 2968 odiosius

51 2981 199 3035 lindesiam
213 2995 279 3046 que
293 2980 442 3033 edificatur
460 2994 542 3045 supra
560 2979 642 3043 hujus
665 2979 739 3054 modi
755 2984 881 3092 petram

50 3047 167 3112 alioquin
184 3046 321 3095 adversm
334 3058 414 3110 quem
424 3048 508 3108 portis
522 3043 715 3108 prevaluerint
724 3055 750 3092 iu
764 3056 882 3101 erorum,

50 3110 89 3159 ille
102 3122 198 3173 usqne
234 3112 297 3158 stra
311 3107 444 3177 dicendus
468 3110 508 3156 est
530 3120 613 3179 supra
635 3119 716 3169 quain
741 3104 883 3157 achiisto

54 3172 207 3222 edificatur
261 3169 354 3227 olssia,
370 3183 459 3233 neque
472 3168 589 3219 Ecclesia
603 3181 664 3232 quos
677 3182 760 3232 super
779 3174 884 3233 petram

55 3234 217 3290 edificatur,
233 3231 310 3292 CXX,
325 3230 380 3288 557,
397 3232 451 3289 118,
465 3231 521 3290 559,
535 3229 591 3292 aad,
606 3229 662 3281 561.

78 3296 344 3369 sEtuuodeanque
359 3293 582 3367 ligaverissaper
595 3297 702 3364 terram,
720 3312 741 3367 v·
757 3296 808 3343 etc.
834 3292 884 3352 Qui

50 3359 114 3412 bsnc
124 3359 185 3410 sibi
199 3357 263 3408 vult
276 3357 414 3407 vindicare
428 3362 540 3421 gratiam
553 3355 634 3406 debet
643 3355 824 3406 infirmitatem
837 3355 885 3405 Pa·

51 3425 79 3471 tri
92 3422 121 3473 in
176 3427 224 3471 trs
240 3424 344 3478 tenere,
359 3419 492 3484 iidemque
506 3416 628 3469 moribus
646 3421 673 3468 at
694 3432 759 3468 ioco
783 3416 885 3482 predi-

52 3499 116 3543 care,
131 3437 242 3535 ‹izinds
258 3483 347 3534 claves
364 3483 440 3546 regni
454 3495 521 3547 quas
537 3481 626 3540 babet,
645 3481 806 3545 easdemque
829 3481 884 3531 cla·

53 3562 95 3598 vas
108 3561 170 3598 uon
188 3560 206 3597 a
218 3559 260 3601 se,
279 3545 326 3595 sed
340 3559 357 3594 a
371 3543 485 3595 Domino
506 3549 534 3596 et
556 3554 604 3608 per
628 3543 783 3601 Dominum,
806 3543 885 3607 qussi

52 3610 165 3661 aulatis
179 3607 291 3673 janitor
305 3607 450 3658 custodire.
466 3605 536 3660 Alias
549 3610 640 3657 autem
655 3604 885 3680 uisijndieiaejus

53 3676 182 3724 mussat
196 3670 278 3722 firma
292 3670 320 3720 iu
335 3670 451 3731 cbristo,
467 3666 543 3733 quasi
558 3670 613 3719 Deo
626 3667 765 3732 judicante
780 3681 829 3733 per
843 3683 886 3732 ip·

53 3750 116 3792 iem,
132 3736 296 3786 timendum
311 3746 345 3784 ue
362 3737 457 3783 contra
474 3735 563 3796 ipsum
578 3730 627 3795 qui
649 3728 716 3792 ligat
738 3735 785 3781 aut
806 3730 887 3781 solvit

53 3798 225 3863 prevaleant
239 3800 326 3859 portia
341 3794 498 3852 interorum,
513 3795 535 3845 si
551 3793 651 3858 injusto
663 3792 767 3857 iudicat
788 3797 815 3844 et
830 3806 886 3844 uon

53 3860 206 3911 meandum
221 3858 271 3909 Dei
283 3859 398 3909 verbum
412 3857 541 3908 adversus
555 3870 634 3921 quem
648 3859 831 3920 autemportie
844 3857 886 3906 in-

54 3925 172 3975 terarum
189 3935 249 3972 uon
263 3920 465 3985 prevaluerint,
478 3920 535 3983 ipse
550 3919 620 3981 iuste
631 3918 736 3984 judicat
747 3919 811 3983 quia
834 3917 886 3969 els-

54 4002 98 4037 ves
111 4002 128 4038 s
143 3984 268 4037 Domino
294 3982 349 4048 jam
377 3986 518 4058 perceptas
538 3996 630 4032 seeum
654 3983 751 4045 portat.
774 3982 887 4044 Propior

53 4050 122 4113 qued
136 4054 167 4100 st
182 4044 275 4119 operit
289 4044 388 4110 eisqui
404 4043 485 4097 soluti
508 4044 608 4095 luerint
622 4057 706 4108 super
726 4050 833 4102 teriam,
856 4047 887 4095 ut

54 4114 104 4163 siat
117 4111 206 4162 soluti
222 4112 251 4161 et
265 4106 345 4158 libari
360 4107 390 4158 in
405 4109 488 4159 caelis.
503 4108 535 4158 lit
548 4107 649 4158 claudit
672 4106 719 4164 eii,
742 4106 788 4169 qui
811 4106 885 4171 justo

55 4174 152 4225 'udicio
167 4172 232 4237 ejus
247 4169 321 4235 ligati
336 4170 438 4222 luerint
449 4182 531 4228 super
545 4174 654 4228 terram,
678 4174 709 4221 ut
728 4169 784 4219 siut
805 4166 885 4234 quasi

51 4190 125 4300 iissti
140 4239 172 4287 in
187 4232 261 4285 eoelo
276 4236 303 4283 et
316 4232 439 4298 judicati,
454 4232 533 4293 CXX,
547 4232 603 4284 513.

82 4296 228 4358 Pinnas,
244 4294 387 4347 diaeonus.
401 4320 434 4335 -
457 4314 470 4341 s
483 4296 522 4347 Tu
545 4308 574 4346 es
596 4297 728 4353 Petraei
752 4295 803 4344 etc.
825 4294 885 4345 Nou

54 4377 125 4413 aare
134 4362 260 4427 primum
274 4357 410 4422 accepisse
426 4360 533 4410 Petrum
548 4358 599 4408 hoc
609 4370 710 4408 noman
719 4355 885 4407 credendum

55 4425 158 4483 estred
169 4419 492 4487 potiustuuoquandoin
502 4421 580 4472 initio
594 4420 740 4472 Dominicss
755 4417 886 4484 praedica·

55 4490 142 4543 donis,
152 4499 207 4551 pei·
217 4484 397 4558 dndream‘sd
405 4484 496 4535 lesum
506 4483 674 4535 adductuein
685 4494 812 4556 maguum
823 4480 886 4532 ildei

55 4544 770 4681 mattillltlllttltttllstilti
781 4543 886 4666 alil?

57 4683 83 4727 st
94 4677 150 4727 boc
166 4685 283 4725 nomine
291 4672 372 4722 modo
385 4672 560 4736 appellaverit
570 4673 700 4722 Dominus
710 4669 811 4720 diesne.
823 4687 836 4714 ι
845 4670 884 4719 Tu

56 4754 81 4790 es
93 4739 219 4799 Patron
237 4735 410 4785 »nonenim
427 4735 472 4794 iit,
497 4737 526 4785 tu
548 4734 688 4784 voesberis
711 4732 812 4789 Petrus,
836 4731 885 4784 sed

58 4803 114 4853 ·Tn
125 4801 299 4868 allatius»
309 4797 382 4861 quod
396 4796 498 4848 dictum
517 4796 604 4847 luerat
617 4800 708 4846 antas.
723 4792 885 4846 sicutenim

56 4864 178 4915 mantus
192 4860 275 4911 dedit
284 4860 410 4923 apostolis
429 4873 537 4917 nomen,
561 4863 591 4909 ut
612 4858 659 4909 lux
678 4857 721 4908 vel
744 4857 782 4908 sal
805 4860 884 4908 terres

57 4930 231 4984 veneantur,
244 4921 283 4973 ita
296 4922 359 4973 huic
372 4923 479 4988 agrame
490 4919 638 4973 confessori
651 4933 700 4970 suo
718 4920 764 4983 qui
780 4916 883 4977 Simon,

56 4991 80 5039 td
93 4994 138 5041 est
150 4984 299 5046 obediens,
309 4986 553 5044 anteavoeabatur,
563 4984 598 5036 ob
608 4983 692 5034 robur
703 4983 810 5033 invictas
821 4981 885 5033 iidsl
935 4981 946 5044 1

56 5053 120 5102 letn'
134 5061 242 5101 nomen
253 5047 361 5106 indidit,
377 5046 425 5112 qui
441 5046 567 5099 videlieet
581 5044 620 5096 illi
634 5046 722 5096 tauacl
737 5048 827 5095 mente
841 5045 884 5094 iu·

56 5113 129 5166 tait
139 5114 240 5176 dequo
251 5110 447 5173 scriptumest:
458 5111 558 5161 «Petra
569 5112 657 5159 autem
667 5106 882 5158 erathrietus.»

55 5175 131 5229 Patra
141 5189 200 5226 non
211 5186 262 5237 per
271 5171 477 5235 uscudamued
487 5187 536 5236 per
543 5171 767 5233 significationem
774 5186 781 5231 ;
788 5183 885 5235 quein-

55 5238 199 5290 admodum
214 5233 289 5285 euim
317 5234 359 5285 leo
386 5240 495 5300 propter
514 5234 702 5287 tortitudinem
731 5232 774 5283 vel
797 5245 883 5297 agnus

55 5308 163 5368 propter
176 5298 375 5355 innocentiam,
390 5298 429 5347 sie
442 5296 522 5348 etism
531 5302 606 5361 petra
620 5296 718 5346 dicitur
732 5294 883 5346 firmitatem

520 156 644 220 iunsx
666 155 720 218 na
741 155 775 218 s.
797 121 1019 220 narrisius
1042 154 1284 220 norusiiru.

1700 159 1757 221 {28

931 287 1757 416 tltzltttdltlid“ttltllluitdllltlititt‘

931 414 1063 465 valebunt
1078 414 1208 464 adversus
1220 427 1288 464 eam.
1304 430 1317 462 s
1333 416 1391 464 Non
1410 415 1461 465 hoo
1475 414 1543 465 dixit
1555 416 1587 466 do
1602 417 1757 468 conditione

931 475 1072 547 temporali
1088 478 1190 537 mertis,
1206 491 1260 540 qua
1274 477 1390 540 legimus
1404 484 1515 528 cunctos
1525 493 1600 590 pene
1622 480 1758 543 apostolos

928 544 1057 603 martyrio
1075 544 1282 598 consummatos,
1306 540 1354 589 sed
1377 544 1468 602 portas
1492 542 1519 590 in
1536 544 1573 591 eri
1591 548 1669 592 voest
1692 541 1758 593 vitis

931 608 1010 666 atque
1024 601 1239 666 peecatu.Portae
1254 615 1370 665 nemque
1386 600 1465 651 inferi
1483 603 1626 654 mortifera
1648 605 1757 655 bereti·

930 677 1022 714 corum
1038 665 1225 714 hereticorum
1237 664 1361 727 dogmata
1375 668 1446 725 suut,
1460 664 1560 729 quibus
1572 668 1757 732 imprudentes

930 740 1052 791 quosque
1066 726 1190 783 illiciunt,
1205 731 1233 777 et
1246 729 1280 776 ad
1294 731 1418 790 pepetuoe
1433 730 1526 779 iuortis
1554 731 1756 781 damnationem

929 789 1099 853 pertrabunt,
1114 788 1190 846 XCV,
1209 788 1278 847 1181,
1298 789 1367 839 list.

961 851 1174 915 »Quodcunque
1193 849 1320 915 ligaveris
1349 865 1431 915 super
1451 856 1562 913 terram,
1587 858 1637 905 eto.
1653 874 1665 898 a
1692 855 1755 905 Hiec

930 914 1052 965 solvendi
1059 921 1139 979 atqua
1148 914 1248 984 ligandi
1259 918 1376 976 potestas
1388 917 1514 987 quamvis
1524 915 1573 966 soli
1588 916 1668 967 Petro
1678 918 1757 967 aDo·

930 976 1005 1027 mino
1013 977 1181 1027 collata‘asse
1191 977 1323 1035 videatur,
1334 978 1460 1027 omuibus
1471 991 1582 1042 quoque
1595 979 1757 1043 generaliter

932 1038 1119 1103 spostolissub
1130 1039 1188 1104 ejus
1199 1052 1315 1110 persona
1325 1038 1423 1090 collata
1433 1044 1485 1090 est.
1500 1041 1565 1092 Nam
1583 1048 1610 1092 et
1645 1047 1688 1094 ost
1698 1055 1755 1092 suoe

931 1102 1138 1152 resurrectionis
1148 1102 1266 1151 nobilem
1278 1102 1455 1164 triumphum,
1465 1116 1599 1167 apparens
1609 1056 1758 1155 iliisomui-

931 1165 983 1215 bus
995 1168 1087 1228 aperte
1101 1164 1185 1214 dixit:
1202 1183 1214 1210 s
1229 1165 1346 1223 Quorum
1361 1164 1528 1226 remiseritis,
1544 1170 1594 1217 ete.
1609 1183 1623 1215 s
1636 1166 1704 1217 Nam
1719 1168 1756 1217 si·

931 1230 977 1276 cut
989 1227 1160 1301 interrogatis
1174 1225 1335 1290 generaliter
1352 1226 1488 1300 omuibus,
1504 1227 1601 1278 Petrus
1610 1229 1758 1294 respondet

931 1287 1756 1425 1111111111,1111111111ιί1111111111

932 1428 1008 1478 copie
1023 1428 1053 1464 ae
1066 1415 1230 1479 presbyteris
1246 1427 1274 1463 in
1286 1413 1405 1463 lloclesia
1420 1414 1492 1465 idem
1505 1415 1622 1467 osticium
1634 1417 1756 1467 commit·

931 1478 1005 1534 titur,
1021 1480 1051 1526 ut
1064 1476 1188 1526 videlicet
1201 1476 1299 1538 agnitis
1315 1475 1484 1540 peccantium
1500 1480 1597 1534 causis,
1611 1478 1688 1542 juxta
1702 1492 1758 1529 mo·

931 1540 995 1589 duni
1011 1539 1150 1604 culparum
1167 1539 1208 1588 rel
1223 1537 1390 1601 poeuiteutioe
1405 1539 1506 1601 ligandi
1514 1547 1541 1592 et
1550 1540 1670 1593 solvendi
1680 1555 1758 1593 exer·

931 1605 1010 1652 ceant
1024 1606 1191 1665 potestatem,
1207 1602 1245 1651 ita
1260 1601 1392 1651 duntaxat
1408 1607 1437 1652 ut
1454 1603 1614 1666 quodetiam
1630 1605 1757 1655 boetem·

930 1677 996 1735 pore
1013 1665 1041 1714 iu
1057 1662 1196 1714 nonnullis
1212 1664 1397 1714 sacerdotibus
1411 1662 1562 1722 iuvenitur,
1579 1680 1629 1716 nec
1648 1680 1694 1717 eoi
1709 1665 1755 1731 qui

932 1731 1054 1777 insontes
1068 1725 1111 1775 rel
1125 1727 1228 1796 innoxii
1243 1731 1306 1776 suut
1321 1726 1460 1784 damnent,
1475 1742 1527 1778 uec
1540 1729 1601 1779 illos
1628 1730 1675 1794 qui
1699 1743 1758 1780 me-

932 1795 1026 1839 rentur
1047 1790 1247 1839 damnationem
1272 1802 1381 1839 ssauros
1404 1793 1450 1840 tan
1472 1804 1532 1841 uam
1561 1791 1595 1842 de
1622 1793 1757 1843 solutione

932 1854 1099 1916 praesument
1111 1851 1233 1909 reddere,
1248 1849 1326 1910 XCV,
1340 1851 1411 1909 1181,
1431 1805 1500 1902 111115.

965 1937 978 1959 ι
988 1913 1170 1965 'l'uesPelrus
1181 1928 1189 1974 ς
1200 1929 1214 1961 s
1224 1926 1307 1976 super
1320 1913 1399 1971 bane,
1423 1914 1521 1978 inquit,
1537 1919 1648 1980 petram,
1664 1915 1691 1966 ld
1706 1921 1756 1976 est,

933 1976 1170 2046 superbominam
1187 1976 1350 2027 Salvatorein
1374 1976 1420 2039 qui
1444 1977 1514 2028 ildeli
1537 1979 1684 2029 confessori
1707 1992 1757 2029 suo

932 2036 1106 2104 participium
1121 2040 1162 2089 sui
1176 2036 1293 2088 nominis
1308 2038 1439 2090 donavit:
1461 2059 1474 2085 s
1487 2038 1576 2091 Portas
1595 2040 1675 2091 iuleri
1701 2054 1758 2092 uon

934 2100 1131 2166 prevalebunt,
1146 2105 1196 2151 stc.
1215 2100 1330 2150 »Portas
1350 2100 1428 2150 inseri
1449 2105 1583 2153 tormenta
1605 2107 1633 2153 et
1654 2103 1760 2153 blaudi·

934 2169 1026 2214 menta
1054 2168 1236 2214 erseeutorum
1254 2176 1342 2228 ques
1360 2163 1502 2215 stabilitate
1516 2165 1577 2216 ildei
1592 2165 1697 2230 aliquos
1710 2165 1760 2217 de·

934 2178 1073 2285 terranis,
1083 2227 1223 2299 introitum
1232 2229 1339 2297 eterne
1350 2227 1444 2277 mortis
1453 2227 1589 2291 aperiunt.
1602 2230 1692 2300 Multae
1706 2229 1759 2279 ita-

935 2302 988 2353 que
1002 2292 1065 2339 snut
1080 2293 1164 2352 portos
1179 2288 1268 2346 inferi,
1283 2289 1331 2338 sed
1345 2287 1441 2338 harum
1465 2289 1541 2340 nulls
1556 2290 1683 2342 Ecclesiae
1698 2305 1759 2355 quas

934 2356 1135 2464 {ltftttlll
1146 2350 1325 2464 dilituit
1344 2352 1760 2480 tintinabulis

934 2476 1094 2526 firmissimis
1102 2481 1183 2540 petrea
1193 2476 1355 2526 soliditatem
1371 2481 1489 2535 secutus,
1518 2479 1642 2530 inimicos
1661 2477 1759 2529 Christi

936 2540 1094 2608 auctoritate
1104 2540 1130 2590 S.
1139 2537 1254 2601 Spiritus
1263 2537 1396 2596 contudit,
1421 2544 1447 2590 et
1460 2540 1607 2606 infatigatae
1620 2540 1758 2606 patientias

935 2601 1094 2652 tortitudine
1118 2601 1303 2664 triumphavit,
1331 2615 1381 2652 nec
1405 2601 1505 2652 inferni
1530 2608 1607 2668 porta
1630 2603 1759 2654 adversus

937 2678 999 2714 eum
1014 2664 1157 2737 praevaluit
1169 2664 1215 2775 pai
1230 2664 1280 2714 sibi
1296 2669 1380 2734 portes
1394 2663 1530 2715 eternalis
1549 2665 1700 2731 ingressum
1717 2680 1761 2717 re·

936 2726 1483 2851 trattatititltilt‘lliidli
1496 2729 1652 2853 'iiiiii'
1665 2789 1764 2841 uisu.
1816 2757 1821 2762 ’

936 2852 1032 2902 Petrus
1043 2851 1188 2914 apostolus,
1201 2848 1326 2913 princeps
1338 2852 1557 2914 apostolorumet
1565 2852 1670 2915 primus
1684 2867 1763 2917 papa,

937 2912 1210 3039 iiiimxiiii?
1231 2912 1764 3038 titllltllil‘slttlt'tid

1026 3011 1032 3024 ,
1532 2992 1548 3028 ο
1654 2992 1669 3028 a
1756 3013 1764 3036 ,

937 3040 1052 3090 Romam
1067 3040 1214 3104 ingressus,
1228 2988 1419 3109 Clondiiauno
1435 3039 1554 3090 seeundo
1568 3038 1598 3089 in
1617 2992 1764 3104 spisgcopall

937 3102 1068 3153 cathedra
1077 3102 1240 3152 seditaunoe
1249 3101 1344 3162 viginti
1353 3102 1484 3165 quinque,
1495 3115 1604 3153 meuses
1614 3103 1693 3162 duos,
1709 3109 1764 3154 tres

939 3165 1006 3215 dies.
1016 3161 1131 3225 Quiane
1141 3163 1289 3227 eodemque
1306 3167 1429 3227 tempore
1442 3168 1469 3214 et
1483 3164 1535 3223 die,
1551 3163 1686 3223 videlicet,
1703 3171 1765 3230 post

937 3225 1765 3352 11111111131111111111ῗέ111ῗὲ1ῗέ1111111111οὲἐὲ

938 3355 1006 3402 duas
1015 3348 1229 3425 Epistolas'leeit,
1243 3365 1303 3415 que
1313 3352 1450 3424 canonicis
1460 3353 1644 3426 nominantur,
1659 3354 1688 3404 iu
1697 3366 1766 3427 qus·

938 3414 1766 3549 tilltzillilliltltlltltedii{distitititt

938 3539 982 3590 vel
997 3541 1070 3590 dona
1102 3539 1182 3589 uibus
1196 3538 1343 3602 aliqnando
1362 3539 1482 3598 ledeos,
1505 3553 1579 3591 nune
1601 3545 1690 3590 autem
1714 3554 1765 3591 nos

940 3602 1073 3653 honorare
1082 3555 1191 3665 gignita
1201 3606 1250 3651 est.
1262 3602 1433 3651 Postmodum
1441 3616 1505 3654 vero
1516 3603 1635 3673 diversas
1645 3602 1764 3654 bdelium

938 3678 1071 3728 personas
1085 3665 1199 3715 solerter
1212 3663 1349 3724 hortatur,
1366 3677 1401 3714 ue
1415 3678 1444 3714 se
1458 3668 1534 3715 lanta
1550 3666 1666 3729 Spiritus
1680 3666 1768 3729 gistis

940 3728 1084 3779 carnaliter
1096 3726 1224 3787 vivendo,
1242 3725 1356 3776 reddant
1369 3724 1504 3791 indiguos,
1520 3741 1555 3778 ne
1572 3729 1618 3791 qui
1640 3728 1720 3791 reguli
1734 3741 1766 3778 ac

940 3790 1101 3841 sacerdotali
1119 3789 1251 3839 vocabulo
1273 3791 1337 3838 suut
1359 3789 1490 3853 insigniti,
1513 3791 1641 3840 vitiorum
1664 3791 1766 3840 malitis

940 3851 1054 3911 subacti,
1066 3851 1249 3902 acondonstoe
1258 3851 1301 3901 vel
1312 3851 1451 3915 promissis
1461 3853 1511 3902 sibi
1522 3852 1669 3904 nobilitatis
1697 3853 1766 3903 loris

940 3916 1113 3978 degenerent.
1124 3915 1155 3965 lit
1163 3914 1252 3987 primo
1262 3913 1362 3963 llberos
1376 3918 1402 3965 et
1416 3927 1517 3973 servos,
1532 3915 1630 3965 deiude
1640 3867 1765 3965 miiiieres

940 3979 1047 4029 etviros
1061 3977 1214 4041 specialiter
1228 3976 1388 4051 alloquitur3
1403 3980 1483 4040 utque
1500 3983 1562 4041 post
1579 3978 1764 4029 interlocutio·

940 4053 1002 4091 nem
1018 4038 1150 4104 generalis
1165 4039 1369 4096 exhortationis,
1384 4040 1622 4105 senioresquoque
1637 4045 1663 4091 at
1673 4040 1763 4091 adole·

939 4107 1046 4153 scentes
1060 4102 1176 4167 qualiter
1189 4114 1248 4151 sese
1263 4100 1379 4151 debeant
1398 4115 1502 4163 gerere,
1518 4103 1645 4153 ostendit.
1669 4102 1700 4153 lu
1725 4116 1765 4152 se·

939 4165 1028 4216 cunda
1042 4178 1105 4215 vero
1119 4164 1248 4227 Epistola,
1264 4176 1346 4227 quam
1359 4164 1462 4214 eisdem
1485 4164 1603 4235 scripsit,
1619 4165 1718 4230 quibus
1737 4169 1765 4216 et

939 4227 1177 4293 primam,eosdem
1186 4226 1764 4292 miseratus,jamulperlectioresadmijors

939 4295 966 4340 et
980 4290 1139 4354 perfectiora
1153 4286 1337 4351 multiplieiter
1351 4294 1505 4341 commouet
1526 4294 1553 4341 et
1575 4290 1708 4341 bortatur.
1732 4291 1764 4340 Et

939 4351 1114 4417 Evangelium
1129 4351 1209 4401 Marci
1223 4350 1317 4401 iecisse
1331 4350 1437 4409 dicitnr,
1453 4353 1517 4416 quia
1530 4352 1635 4403 Marsus
1656 4351 1765 4415 adjutor

939 4413 1764 4542 tl:‘litidlt'dtltltl‘ullllttl‘titillent

938 4541 1040 4598 dacem,
1056 4545 1083 4591 et
1097 4540 1226 4589 diaconos
1240 4543 1384 4602 septena...
1402 4515 1530 4597 Quamvis
1539 4540 1665 4592 Clemens
1680 4542 1706 4590 iu
1722 4553 1764 4590 or-

939 4603 1003 4654 dine
1017 4602 1135 4666 Cetalogi
1150 4604 1212 4665 post
1225 4601 1331 4652 beatum
1353 4600 1461 4653 Petrum
1486 4603 1582 4653 tertius
1599 4604 1762 4661 inveniatur,

938 4679 1035 4717 revera
1048 4669 1138 4715 tamen
1154 4663 1295 4727 sicutipse
1310 4664 1461 4726 inepistola
1476 4665 1583 4730 scripsit
1591 4666 1692 4716 Jacobo
1702 4665 1763 4713 llis·

938 4728 1136 4793 rosolymorum
1151 4727 1290 4790 episcopo,
1308 4731 1370 4789 post
1386 4727 1495 4777 beatam
1519 4729 1634 4785 Petrum,
1650 4728 1762 4793 primus,

938 4791 1015 4842 nullo
1029 4787 1197 4864 interposito,
1221 4789 1352 4839 Romane
1375 4789 1447 4839 sedis
1465 4791 1648 4855 gubernaculo
1671 4787 1764 4853 procul

938 4853 1022 4904 dubio
1035 4857 1140 4913 tenuit,
1154 4851 1239 4901 Linus
1253 4854 1341 4901 autem
1357 4853 1383 4901 et
1392 4850 1481 4902 Cletus
1494 4853 1556 4904 ideo
1570 4854 1645 4904 velut
1658 4865 1763 4902 sueces-

938 4930 1013 4967 sores
1026 4913 1099 4965 Petri
1113 4918 1353 4972 connumerentur,
1369 4916 1433 4978 quis
1447 4915 1503 4978 ipse
1518 4929 1564 4966 eos
1578 4917 1606 4965 in
1621 4912 1761 4966 ritacoad·

950 4984 1041 5029 utores
1055 4978 1105 5028 sibi
1120 4977 1191 5035 iecit,
1207 4980 1237 5027 ut
1257 4980 1332 5026 tanto
1347 4975 1444 5027 melius
1467 4978 1525 5042 ipse
1549 4991 1646 5029 vacare
1670 4979 1761 5040 posset

938 5040 1063 5098 orationi,
1081 5038 1194 5098 CXXIX,
1210 5038 1279 5098 1151,
1294 5037 1364 5089 tiss.

969 5100 1317 5154 PE'I'RUSLOMBARDUS.
1327 5102 1406 5151 -Ex
1420 5101 1481 5153 loeo
1496 5101 1622 5166 Epistola
1636 5100 1711 5151 Pauli
1726 5100 1760 5150 ad

937 5165 1059 5216 Galatas:
1076 5183 1088 5209 α
1105 5163 1270 5227 DixiCephie
1285 5177 1375 5214 eoram
1399 5165 1559 5224 omnibus»
1577 5170 1627 5214 ste.
1644 5162 1728 5227 Porpb
1750 5189 1760 5201 ·

937 5228 995 5279 rius
1005 5225 1216 5300 objicitPetrum
1228 5240 1244 5277 s
1254 5227 1336 5301 Paulo
1355 5226 1557 5299 reprehensum,
1571 5227 1663 5298 voleus
1680 5229 1707 5275 et
1722 5177 1759 5275 lii

937 5304 1036 5342 erroris
1044 5290 1186 5347 maculam,
1193 5292 1221 5339 et
1230 5288 1293 5339 huie
1303 5294 1473 5353 procacitatis
1483 5295 1605 5340 incutere
1615 5293 1676 5340 etin
1687 5302 1762 5339 eom·

56 5380 97 5429 qai
111 5362 296 5429 operantibus
309 5361 337 5411 iu
346 5374 375 5411 se
389 5359 471 5411 turris
486 5358 702 5412 estlortitudinis
716 5372 733 5408 a
747 5357 815 5409 taeie
829 5358 884 5408 inl·
936 5366 1018 5404 mune
1028 5353 1082 5428 iicti
1093 5352 1225 5427 dogmatis
1239 5364 1365 5426 accusare
1380 5351 1548 5402 mendacium
1566 5352 1629 5428 durii
1644 5353 1716 5403 iuter
1730 5364 1759 5426 se

57 5431 123 5480 miei
133 5447 147 5473 ι
160 5426 289 5537 Etsaper
302 5423 374 5494 bene
396 5427 506 5487 petram,
517 5443 530 5469 e
541 5424 569 5474 id
584 5426 722 5496 estsuper
745 5433 883 5494 menaeus
935 5416 1115 5488 Ecclesiarum
1135 5427 1270 5477 principes
1294 5414 1464 5488 dissiderent.
1480 5413 1556 5473 Quod
1581 5419 1686 5489 utique·
1696 5414 1761 5489 tecit

58 5506 98 5542 ors
114 5497 164 5541 tuo
181 5501 235 5538 eon
247 5499 324 5537 emus
337 5485 440 5547 dieeus,
455 5506 467 5529 ι
482 5486 520 5537 Tu
538 5500 566 5537 es
580 5484 703 5535 Christus
728 5483 812 5533 Filius
834 5481 884 5532 Dei
936 5493 992 5529 nou
1006 5478 1157 5541 intelligens
1168 5490 1222 5589 3⁰⁰
1232 5489 1312 5526 sensu
1323 5474 1520 5527 Patrusluisset
1530 5477 1759 5540 reprehensibilis,

58 5556 116 5603 rivi
132 5574 147 5598 a
165 5552 229 5615 lpse
244 5548 317 5601 euim
331 5552 373 5600 est
388 5548 457 5613 lapis
479 5549 525 5599 ille
547 5546 684 5613 pretiosus
708 5546 737 5596 in
760 5543 883 5596 Ecclesia
935 5541 978 5593 vel
989 5540 1159 5605 eiipostolns

1189 5537 1266 5590 aulus
1276 5539 1304 5588 iu
1314 5537 1410 5589 taciem
1419 5540 1552 5591 ressitisss
1561 5539 1676 5592 dicatur.
1691 5540 1757 5591 Nam

60 5616 237 5666 nucimento
247 5610 451 5663 couibtntusda
461 5610 625 5675 quoPsulus
635 5611 703 5661 iit«
713 5607 884 5658 Fundsmsu·
936 5608 1049 5717 ataulfus
1067 5602 1246 5675 reeteoeusit
1260 5600 1286 5651 le
1306 5614 1347 5651 em
1361 5613 1416 5652 non
1432 5615 1490 5653 esse
1504 5604 1659 5678 tenendam,
1673 5608 1707 5677 'et
1726 5604 1755 5654 iu

62 5684 113 5730 tm
128 5676 209 5748 ahud
223 5687 304 5726 nemo
318 5677 520 5738 poneropotsst
534 5672 665 5740 preterit
679 5668 752 5736 quod
764 5669 883 5784 positum
936 5679 1001 5717 omn
1020 5669 1099 5731 geute
1128 5676 1210 5736 uipun
1231 5676 1265 5714 ue
1295 5660 1756 5764 mstDeumstoperaturJustitism,

61 5734 435 5805 manturianensis·
457 5734 622 5803 superliciis
636 5735 750 5802 petrau,
784 5742 817 5785 oa
832 5733 881 5794 est,
934 5728 1112 5795 acceptasset
1145 5726 1173 5788 li,
1190 5736 1219 5778 ia
1248 5726 1631 5791 utuqassiutiunulstloua
1645 5725 1742 5792 dtspsu
