3934 6050
202 75 260 137 ise
311 39 313 56 '

551 70 704 133 ionicus
727 65 990 132 rireouoeie
1011 47 1237 131 semissis.
1251 17 1421 133 -ιιιιιιιι
1441 71 1559 135 cxxv.

1854 80 1920 143 ise

201 199 463 266 tutelemadipsnei
477 201 621 273 pertinere,
644 205 674 252 ut
696 199 764 252 Sede
789 200 853 251 olim
877 195 1025 311 eRoitolice
1076 196 1174 248 Sadam
1190 198 1353 263 depriment,
1369 184 1643 267 ecalflsrinuqueni
1672 207 1771 267 posset,
1795 217 1921 272 prorsus

200 273 324 328 vacante,
342 266 509 330 gravissimis
522 279 550 314 iii
565 262 706 327 augustiis,
723 264 883 336 temporales
919 274 1024 336 omenes

203 327 331 383 Ecclesiae
342 327 627 392 posscssioeesomnos
640 324 1026 394 ConstantiensiscouciliilPs·

204 399 267 456 tres,
276 390 316 444 uti
326 405 357 441 es
370 388 484 455 publicis
494 393 567 453 petet
578 387 758 447 documentis,
768 389 796 437 in
807 401 892 439 unum
907 386 1026 437 admini-

204 459 333 512 strassem
343 453 369 503 id
382 453 518 515 postulant
527 451 623 501 Cbristl
632 452 724 502 lideles
735 465 783 514 per
791 454 1024 501 oiiiuasterrarum

205 517 407 580 orbisregiones
416 514 537 578 dispersi,
549 514 596 578 qui
606 513 688 564 libere
699 514 733 563 ed
745 521 770 564 ta
779 514 1025 576 venirellbereqne

205 579 447 631 conscientiarum
464 578 603 626 consulere
618 577 752 639 gestiuut3
776 576 802 626 id
827 574 945 638 denique
967 575 1026 637 ipsa

205 641 290 694 civilis
303 639 425 703 deposcit
438 637 562 696 societas,
577 651 637 702 quea
652 652 685 689 ex
700 640 739 688 tui
757 636 897 702 regiminis
912 636 1027 689 subver-

205 705 281 755 sione
291 717 340 754 sue
354 703 415 766 ipsa
428 707 524 752 nutare
537 702 622 751 sentit
632 702 818 752 lundemeute.

234 765 287 816 Sed
301 764 365 829 quid
380 764 478 827 ploret
491 764 533 813 'lu
547 764 655 815 taudem
670 763 816 829 aliquando
834 761 962 813 scelestos
976 762 1027 834 bo-

205 828 291 879 mines
301 831 328 877 et
338 827 470 878 bonorum
482 827 723 877 ecclesiasticorum
734 828 884 884 direptores
900 825 973 890 justo
981 838 1027 888 Ju-

203 889 273 941 dieio
283 889 415 939 damnans
424 889 515 939 omnia
525 902 586 952 ques
598 894 770 952 patraverant
780 907 792 932 s
801 888 875 938 lrrlte
885 895 912 939 et
926 887 1000 938 nulla
1013 905 1026 931 i

203 952 376 1018 proclamasti
391 950 588 1020 [Allucutim'iti
603 952 675 1014 Sept.
690 952 758 1013 1859,
775 965 803 1016 p.
817 950 860 1017 l];
876 954 952 1000 ectus
966 963 1028 999 om·

204 1029 252 1065 nes
262 1015 295 1066 eb
310 1015 342 1063 ils
357 1012 506 1064 intentetos
520 1013 698 1076 «illegitimos
706 1015 817 1064 omuino
825 1013 1026 1077 stsacrllegoss

205 1092 263 1127 esse
278 1075 421 1127 decrevisti
436 1075 590 1141 [Aliaeutlm
605 1079 634 1126 20
648 1076 663 1125 J
667 1090 712 1127 eu.
726 1076 795 1133 idne.
808 1089 834 1138 p.
844 1074 870 1143 e]
880 1091 888 1135 ;
898 1075 1027 1148 ipsosque

206 1141 298 1191 talium
313 1139 465 1189 facinorum
479 1151 541 1187 reos
554 1139 643 1201 pesnis
657 1144 684 1189 st
700 1137 821 1189 censuris
838 1136 1028 1188 ecelesiasticis

205 1201 338 1253 obnoxios
352 1200 412 1265 jura
428 1199 569 1250 samarita
584 1201 734 1251 declarasti.
754 1200 871 1266 [Litteris
893 1200 1029 1264 Apostoli·

205 1279 252 1326 em,
267 1267 298 1316 id
313 1264 399 1313 blertii
414 1261 495 1330 ille.

237 1328 292 1377 Hos
306 1329 362 1376 tem
375 1339 471 1389 graves
486 1325 524 1375 tui
536 1325 591 1376 oris
611 1339 758 1397 sermones,
783 1329 872 1377 tamea
896 1325 1029 1390 preclara

206 1394 282 1452 preste
297 1393 419 1439 nostrum
435 1393 477 1439 est
490 1392 645 1440 reverenter
657 1401 790 1452 excipere,
808 1390 894 1453 iisque
917 1390 1028 1452 plenum

206 1448 1030 1562 assensumrenovaresicutienimcorpuscapitieeljengitur

206 1513 955 1587 membrorumcompeglueunaquerita,inomnibusocn
977 1512 1030 1562 olet

206 1578 246 1627 ite
258 1590 308 1626 iios
322 1580 410 1626 tecum
426 1576 578 1627 coiissetira
592 1589 702 1627 necesse
717 1581 765 1626 est.
780 1576 840 1627 'ribi
855 1589 884 1626 ιιι
899 1577 972 1627 cinni
983 1580 1029 1625 tue

209 1653 240 1689 ec
255 1638 427 1689 acerbissima
439 1636 594 1700 alilietions,
610 1640 649 1688 sic
660 1639 859 1703 coniungimur,
871 1643 900 1689 ut
909 1652 970 1703 quse
979 1636 1028 1688 tibi

227 1703 263 1752 etl
272 1698 421 1765 contiueat,
431 1703 559 1752 eademst
569 1702 729 1759 casamarii
738 1702 1028 1765 eonsensupatiamur.

207 1716 293 1815 Betim
305 1764 409 1814 interea
425 1764 558 1836 supplices
572 1764 737 1822 invocemus,
754 1770 784 1815 ut
798 1769 853 1814 tam
867 1763 904 1814 ini
927 1776 968 1814 uie
986 1776 1027 1812 re·

210 1840 269 1876 rum
284 1824 483 1890 perturbetioni
498 1827 578 1876 linaei
593 1832 685 1890 ponat.
699 1826 902 1891 iicclaslemque
939 1826 976 1875 ilii
986 1825 1029 1874 sul

208 1902 348 2002 ⁸⁹⁰3&
362 1887 529 2002 “mitiliiir‘szrif
541 1889 705 2001 ἲοθιειέἰοιιὲιέξιιιι
720 1903 751 1940 ae
765 1902 921 1953 oppressam
941 1886 1029 1953 pristi-

209 1966 245 2002 no
342 1966 396 2001 iec
420 1967 428 1998 i
665 1986 672 2000 .

238 2014 289 2064 Sed
298 2016 397 2084 mirum
408 2014 485 2088 uobis
494 2026 549 2087 non
559 2017 663 2088 sitiam
675 2016 781 2074 acriter,
792 2013 932 2086 etiotsnse
952 2012 1029 2064 Sedis

210 2075 1030 2210 tttlllltellslttllititilllliltlnliitll·

210 2205 240 2252 iit
253 2214 308 2252 non
323 2201 439 2264 amplius
452 2200 703 2264 singulesiieclesiie
713 2203 847 2252 doctrines
857 2202 975 2266 rejicere,
986 2173 1030 2275 rel

213 2262 241 2313 iii
260 2264 371 2313 dubium
387 2276 512 2313 reiocers
525 2268 675 2323 canentum
690 2263 736 2314 sed
747 2268 829 2315 totam
842 2267 1030 2328 penitusreri-

210 2329 291 2376 tatem
298 2325 485 2382 Christianam,
494 2325 728 2392 christianamque
737 2328 930 2391 rempublicam
941 2324 1030 2376 lundi-

210 2393 254 2438 tus
264 2392 384 2439 evertere
393 2386 444 2438 sibi
454 2392 616 2452 proponent.
627 2389 696 2438 Hinc
710 2388 874 2451 impiissimis
880 2389 1029 2439 tentamina

211 2448 1030 2514 reaminieetie,lelsssquaeruditioniscontrasacrariimbit·

209 2517 326 2564 terarum
337 2512 484 2574 doctrines,
494 2513 666 2577 ipsorumque
674 2513 877 2578 inspirationem
888 2514 966 2574 3binc
975 2527 1030 2564 eie·

208 2574 299 2625 lesnes
321 2574 475 2625 sollicitudo
496 2575 667 2640 juventutem
688 2575 814 2627 Ecclesia
831 2578 923 2627 metris
939 2575 1029 2627 tutele

208 2638 373 2688 subtractam
389 2637 529 2702 quibusvis
542 2635 633 2688 sieouli
648 2638 792 2697 erroribus,
808 2640 851 2689 rel
865 2640 967 2689 seclusa
981 2651 1029 2688 ie·

208 2698 271 2764 pies
282 2699 357 2750 omni
372 2698 499 2764 religiose
512 2699 690 2758 institutione,
705 2701 860 2762 imbuendl3
877 2701 940 2751 liiiio
951 2714 1029 2751 noras

210 2775 303 2826 cneque
317 2763 551 2827 perniciosissimis
565 2763 707 2820 desociati,
720 2764 829 2827 politico
839 2777 916 2829 reque
930 2777 960 2815 se
971 2764 1030 2814 reli·

209 2823 285 2888 gioso
295 2839 384 2876 rerem
396 2825 492 2877 ordine
501 2825 623 2885 lbaorlre,
634 2837 694 2890 que
703 2826 815 2891 impune
826 2839 1030 2898 quaquaversus

210 2893 393 2952 spargunters
408 2887 473 2938 hine
486 2889 578 2939 multis
593 2888 733 2946 familiare,
758 2889 786 2938 ln
810 2889 852 2940 bis
878 2888 1028 2964 presertim

207 2951 272 3012 oris,
288 2949 413 3001 Ecclesiae
428 2953 614 3001 auctoritatem
629 2963 767 3017 spernere,
783 2951 847 3016 lura
868 2953 918 3003 sibl
942 2953 1030 3002 sindi-

207 3027 277 3075 oars,
293 3017 428 3079 precepta
440 3013 605 3075 proculcare,
622 3012 762 3065 ministros
775 3014 948 3090 vilipendere,
971 3015 1029 3066 cul-

207 3082 264 3126 tum
281 3077 412 3138 deridere,
427 3074 502 3139 ipsos
515 3076 549 3127 ds
560 3076 688 3140 religione
697 3090 810 3136 errores,
824 3091 878 3128 imo
890 3077 1029 3129 ecclesias·

210 3139 280 3187 ticos
289 3151 397 3202 quoque
412 3138 483 3188 viros
497 3139 525 3188 in
555 3138 696 3189 arditionis
705 3138 776 3190 riam
788 3141 884 3191 misere
896 3141 1028 3191 abeuntes

206 3200 318 3249 laudare
331 3214 363 3249 eo
378 3201 406 3250 in
421 3153 556 3250 bonoisi

207 3261 255 3311 Dei
269 3261 423 3312 secerdotes
436 3264 651 3322 exauctorentur,
660 3265 780 3315 excolere
795 3269 990 3330 coguntuenut
1000 3266 1028 3316 in

206 3336 328 3374 carceres
342 3324 541 3384 detruduntur3
557 3325 677 3385 quinimo
695 3334 756 3381 ante
771 3327 917 3377 tribunalia
938 3329 1028 3378 civilia

226 3399 256 3436 ro
273 3388 425 3437 concientia
438 3387 466 3436 le
482 3400 559 3437 sacro
573 3389 722 3439 ministerio
736 3389 872 3447 obeundo.
888 3394 1027 3440 contume-

207 3401 275 3499 flose
289 3449 493 3512 pertrabuntur.
509 3449 627 3501 Gemnnt
637 3450 733 3501 Christi
748 3465 854 3515 sponsis
869 3450 925 3501 suis
937 3452 1029 3516 expui·

208 3524 246 3562 eia
260 3511 346 3568 tectis,
356 3511 448 3564 inedia
460 3511 515 3562 iere
528 3513 810 3587 consumptae,reloito
820 3517 1028 3578 consumendre3

208 3571 261 3624 riri
275 3573 392 3638 religioni
406 3575 439 3625 ad
454 3575 582 3649 seculum
600 3576 674 3625 iuviti
686 3588 805 3627 reuisere
819 3580 967 3689 ⁰⁰fll⁰¹¹¹li
985 3593 1029 3628 se-

208 3635 393 3688 crolioclesiie
426 3641 568 3688 etriinomo
590 3639 714 3689 violente
730 3652 827 3689 manus
860 3640 1027 3701 eiciuntur,

208 3699 373 3760 perimerem
388 3651 526 3771 lissrorum,
542 3699 754 3763 ephemeridem,
769 3706 796 3752 et
810 3702 879 3765 imag
892 3717 956 3753 uum
971 3703 1028 3754 col·

207 3762 290 3825 luris,
305 3762 375 3821 idei,
391 3763 523 3823 moribus,
538 3764 653 3822 raritati,
673 3763 724 3827 ipsi
748 3764 920 3816 verecundie
944 3767 1027 3818 contl-

207 3837 293 3875 nuum
307 3827 536 3936 asperrimumpue
551 3825 651 3877 bellum
664 3824 787 3877 intertui.
813 3889 818 3899 .

237 3887 288 3937 Sed
299 3900 346 3950 qui
356 3888 421 3938 talin
430 3889 484 3938 mol
498 3892 580 3939 untur
590 3890 690 3957 optime
701 3894 802 3940 norunt
812 3902 839 3939 in
847 3890 1025 3951 seneteSeda,

558 3202 646 3251 abore.
661 3201 836 3252 venerabiles
852 3201 985 3253 antistites
997 3217 1029 3253 ec

208 3948 320 4021 velutin
336 3963 396 4023 arca
410 3950 633 4063 inexpugnabili,
642 3951 727 4003 robur
742 3953 858 4003 serires
878 3955 1028 4027 omnisve·

205 4011 293 4084 ritetis
307 4025 339 4062 ae
350 4015 464 4084 justitiae
490 4026 575 4072 nesse,
589 4014 686 4078 quibus
700 4014 881 4067 retundantur
907 4017 1026 4070 bostium

206 4074 1027 4193 little'ludstitilletilliltrlillilt:

205 4151 1028 4266 nondsnnflscommiltteaibiisfliiicodiumffmplac’ibiteb‘i‘eo

204 4259 363 4311 insanabilia
377 4260 456 4320 livor,
473 4261 536 4314 binc
546 4265 707 4315 continuum
722 4265 970 4318 scelestissimorum
981 4268 1029 4320 bo·

204 4321 758 4385 minimatudiummlsanctemitomeunm
766 4326 1027 4396 Ecclesinmejusqee

1081 261 1249 311 exscindant.

1110 322 1185 380 Quis,
1199 323 1353 377 beatissima
1368 327 1459 388 Peter,
1474 326 1537 378 telin
1552 328 1732 391 conspiciens,
1756 331 1801 382 rel
1826 332 1916 385 etism

1079 388 1213 437 recensita
1222 390 1335 439 audietis
1345 389 1395 439 sibi
1405 395 1537 454 temperet
1551 392 1722 454 alacrioris?
1731 394 1809 444 tusto
1823 396 1916 459 igitur

1080 448 1174 499 dolore
1188 454 1302 514 correpti
1317 452 1411 502 oculos
1425 468 1456 503 ec
1471 465 1567 504 manus
1582 455 1614 503 ad
1631 455 1713 503 coelos
1723 455 1856 516 lerenius,
1870 461 1915 509 dl·

1079 512 1173 561 sinum
1190 512 1266 562 illum
1281 513 1410 576 Spiritum
1427 520 1481 566 toto
1494 514 1697 565 mentlsaffsctu
1717 518 1908 581 implorantes,

1080 575 1165 639 utqui
1176 574 1277 626 haedis
1288 578 1351 627 olim
1366 582 1520 627 nascentem
1540 577 1683 628 Ecclesiam
1707 581 1757 629 sub
1772 583 1847 633 Petri
1866 599 1909 636 re·

1080 636 1179 699 gimim
1194 639 1371 689 sanctificarit
1380 645 1407 691 et
1417 641 1556 691 roboravit
1566 655 1572 700 ς
1584 653 1642 690 eam
1652 655 1733 699 nune,
1745 648 1771 693 te
1781 648 1905 707 pastore.

1080 704 1106 749 te
1121 698 1199 755 duce.
1214 705 1329 761 tutatur,
1341 701 1453 765 ampliet
1467 702 1651 775 aeglorifieet.
1672 705 1758 755 'l'estis
1777 711 1814 756 stt
1828 713 1910 782 roto·

1080 766 1916 897 illetilililtllltllltltllitudelleilli

1081 900 1184 936 cineres
1197 901 1266 950 quos
1280 902 1444 940 veneramur
1458 895 1612 940 sauctorum
1630 892 1756 943 Romanas
1778 893 1913 947 Ecclesiae

1081 952 1255 1013 patronorum
1271 950 1343 1001 Petri
1358 958 1385 1002 et
1400 952 1489 1012 Pouli;
1507 958 1590 1004 testes
1612 957 1774 1006 venerande
1800 961 1911 1010 eiurim

1081 1013 1295 1085 totpontitioum,
1310 1019 1457 1085 martyrum
1474 1029 1505 1065 ae
1529 1015 1725 1075 contessornm,
1749 1033 1809 1082 quae
1834 1021 1913 1072 liene

1082 1088 1176 1137 ipsam,
1201 1088 1282 1138 quem
1308 1090 1455 1139 premimus
1480 1084 1589 1134 terram.
1618 1084 1738 1130 renotem
1765 1082 1910 1142 reddunt;

1084 1141 1165 1187 testes
1180 1140 1289 1189 tandein
1303 1140 1437 1204 precipua
1454 1141 1533 1191 uobis
1559 1145 1648 1192 astent
1671 1143 1757 1193 sancti
1780 1145 1834 1204 isti,
1857 1149 1909 1211 qui

1084 1199 1203 1249 omliturn
1228 1200 1315 1251 ordini
1338 1202 1387 1252 bne
1406 1201 1465 1267 ipsa
1490 1201 1534 1254 dis
1558 1217 1684 1266 supremo
1710 1210 1757 1256 tuo
1783 1205 1908 1270 ascripti,

1082 1261 1162 1311 bodio
1176 1262 1302 1314 Ecclesiae
1321 1265 1434 1315 tutelam
1458 1278 1530 1316 noso
1551 1267 1630 1316 titulo
1653 1273 1720 1318 suet
1741 1272 1907 1334 suscepturi.

1081 1322 1237 1437 illeiis
1250 1327 1725 1441 illliillilttiiddlffl‘ffl
1738 1344 1848 1397 ‘llll‘
1861 1334 1911 1383 ³¹¹·

1113 1449 1271 1501 delentibus
1279 1451 1363 1522 igitur
1373 1450 1433 1503 istie
1442 1452 1578 1510 omnibns.
1591 1467 1641 1504 uos
1653 1453 1783 1519 episcopi,
1795 1455 1909 1507 neiiiud

1083 1512 1208 1576 impietas
1222 1514 1264 1564 sel
1278 1528 1403 1578 ignorare
1431 1516 1548 1574 simulet,
1572 1516 1614 1566 uel
1638 1518 1738 1567 auderit
1759 1520 1909 1582 denegare,

1083 1588 1189 1625 errores
1203 1589 1272 1638 quos
1286 1583 1314 1627 tu
1329 1577 1473 1635 damnasti,
1487 1578 1656 1636 damnamus,
1672 1580 1809 1631 doctrines
1821 1595 1912 1632 nevas

1082 1641 1110 1687 et
1123 1638 1288 1701 peregrinas.
1304 1653 1365 1703 quei
1382 1641 1552 1691 indemnem
1569 1639 1693 1692 Ecclesiae
1715 1642 1780 1693 lesu
1805 1642 1911 1694 Christi

1082 1701 1182 1763 passim
1198 1700 1384 1771 propolenter,
1400 1704 1565 1774 detestamur
1578 1708 1606 1754 ct
1621 1704 1775 1776 rejicimus;
1791 1705 1909 1776 saerile-

1083 1762 1135 1826 gia,
1164 1774 1283 1825 rapiens,
1311 1765 1488 1816 immunitatis
1515 1766 1703 1817 ecclesiastice
1729 1768 1908 1829 violationes,

1083 1825 1317 1899 aliaquenelanda
1331 1826 1359 1877 in
1383 1826 1537 1886 lioelssiam,
1564 1826 1690 1894 Petriqus
1708 1829 1805 1881 Sedam
1831 1844 1908 1882 coni·

1083 1888 1628 2016 mittetis?“lentitudine
1643 1953 1758 2018 pisis,
1779 1954 1909 2007 anien

1083 2012 1182 2063 tabuiis
1195 1965 1433 2078 esorlbfpetimus.
1449 2014 1571 2066 Fratrum
1587 2016 1668 2067 etiam
1682 2020 1835 2091 nostrorum
1859 2019 1908 2076 uui

1084 2074 1182 2125 absunt
1196 2076 1312 2134 nomine,
1328 2082 1387 2127 tuto
1403 2076 1581 2141 proterimusr
1597 2080 1653 2128 siis
1679 2091 1771 2130 eorum
1788 2093 1845 2142 qni,
1864 2083 1908 2130 tot

1083 2136 1154 2187 inter
1168 2139 1316 2201 angustias,
1328 2138 1355 2190 ri
1368 2140 1469 2191 detenti
1481 2142 1554 2191 domi
1566 2139 1738 2192 hodiaeilent
1747 2155 1777 2193 sc
1786 2143 1907 2205 plorant,

1083 2198 1139 2250 sire
1175 2198 1201 2249 ei
1216 2201 1390 2263 graviensis
1410 2204 1481 2260 otiis,
1499 2208 1545 2253 eut
1560 2201 1672 2254 adverse
1689 2203 1845 2256 valetudine
1857 2206 1911 2255 im·

1083 2213 1175 2337 perlita
1190 2263 1332 2336 nobiscum
1349 2217 1428 2315 bogis
1444 2265 1539 2316 edesse
1555 2264 1746 2330 nequiverunt.
1760 2267 1913 2342 iungimus

1082 2338 1194 2389 insuper
1208 2325 1405 2398 nobislldelem
1424 2331 1545 2378 nostrum
1557 2328 1696 2379 clerumac
1706 2331 1846 2441 populum,
1861 2344 1910 2395 qui

1083 2388 1178 2438 eodem
1188 2401 1219 2438 aa
1231 2402 1281 2438 nos
1291 2403 1319 2438 in
1330 2395 1355 2439 te
1364 2403 1465 2448 amora,
1476 2391 1570 2440 eedem
1578 2393 1738 2455 pinreieren
1753 2393 1909 2451 inanimati,

1083 2463 1161 2500 sunm
1176 2451 1204 2500 iri
1221 2453 1246 2501 ta
1261 2450 1389 2509 studium,
1405 2466 1458 2516 que
1473 2453 1599 2518 precibus
1622 2452 1680 2504 sina
1704 2455 1907 2505 intermissione

1082 2512 1158 2571 lusis,
1173 2525 1227 2575 que
1241 2512 1339 2577 opibus
1353 2514 1379 2563 iii
1397 2514 1482 2565 Obulo
1496 2514 1523 2565 S.
1538 2515 1605 2566 Petri
1617 2517 1693 2572 mira,
1705 2522 1735 2567 ut
1757 2516 1905 2580 plurimum

1082 2574 1204 2640 largitate
1216 2575 1313 2625 oblatis
1340 2577 1550 2627 luculentissime
1574 2578 1794 2642 comprobarunt,
1818 2580 1907 2644 probe

1082 2638 1199 2688 scientes
1214 2637 1350 2688 seeriiiciis
1364 2640 1420 2689 suis
1438 2640 1464 2689 id
1479 2654 1586 2704 quoque
1603 2642 1702 2699 curari,
1720 2646 1749 2691 ut
1763 2642 1829 2691 dnm
1853 2654 1904 2691 ee·

1083 2699 1252 2751 cessitetibes
1266 2700 1386 2762 supremi
1403 2703 1518 2753 Pastoris
1529 2701 1689 2764 consulitur,
1704 2704 1784 2754 simul
1799 2709 1825 2755 et
1836 2705 1907 2768 eius·

1083 2763 1143 2813 dam
1158 2761 1274 2812 libertati
1289 2764 1429 2815 servande
1444 2762 1632 2829 prospicietur.
1838 2828 1843 2836 ,

1115 2825 1222 2875 Utinam
1238 2825 1272 2875 ed
1285 2840 1452 2878 communem
1468 2827 1636 2901 henctotius
1654 2829 1727 2879 orbis
1747 2827 1907 2887 Christiani,

1082 2889 1136 2938 imo
1153 2885 1241 2937 omnis
1254 2887 1360 2939 societis
1378 2890 1466 2939 omnis
1486 2890 1590 2941 ordinis
1606 2903 1713 2941 causam
1733 2891 1760 2940 iu
1787 2896 1845 2941 tuto
1859 2893 1903 2941 ln·

1082 2951 1196 3001 eandam
1213 2951 1330 3001 uuirersi
1346 2953 1437 3017 populi
1451 2952 1649 3017 conspirarent!

1114 3010 1224 3064 Utinam
1234 3013 1421 3079 intelligerent
1431 3014 1657 3082 erudirentnrque
1675 3028 1752 3087 repes
1767 3019 1794 3067 at
1809 3013 1902 3066 seculi

1082 3080 1237 3139 potestates,
1246 3091 1354 3128 reusam
1360 3077 1498 3129 Poutldeis
1508 3080 1628 3130 omnium
1640 3078 1793 3143 principum
1804 3090 1905 3141 reprio-

1081 3148 1195 3202 rumque
1207 3153 1266 3190 esse
1277 3153 1394 3199 caesam,
1404 3146 1431 3190 et
1440 3155 1494 3205 quo
1509 3146 1624 3192 tendent
1633 3140 1905 3192 nelariiadrerssrio·

1081 3214 1140 3251 runi
1156 3202 1215 3268 ejus
1229 3207 1352 3261 conatus,
1365 3217 1397 3254 ec
1412 3205 1521 3253 modain
1537 3202 1680 3254 novissime
1700 3203 1890 3269 providerent!

1112 3262 1221 3314 Utinam
1229 3266 1419 3328 resipiscerent
1430 3264 1550 3317 infelices
1561 3264 1600 3316 illi
1615 3266 1717 3329 aliquot
1731 3264 1910 3317 ecclesiastici

1081 3329 1108 3375 et
1116 3325 1237 3384 religiosi
1252 3326 1303 3377 viri
1317 3329 1364 3393 qui
1379 3327 1530 3379 vocationis
1554 3342 1609 3380 suae
1634 3331 1804 3379 immemores
1827 3330 1907 3380 debi-

1080 3393 1135 3439 tam
1151 3388 1277 3441 Ecclesim
1292 3388 1454 3454 presulibus
1469 3391 1653 3443 obedientiam
1670 3392 1845 3455 denegantes,
1871 3396 1911 3441 et·

1082 3464 1134 3515 que
1148 3452 1237 3515 ipsum
1252 3466 1359 3518 qnoque
1374 3454 1499 3504 Ecclesia
1517 3452 1701 3518 magisterium
1716 3459 1816 3505 temere
1826 3468 1908 3504 esur·

1081 3518 1186 3578 parites,
1204 3514 1233 3564 iu
1250 3516 1320 3565 siem
1336 3514 1496 3578 perditionis
1510 3517 1649 3568 abierunt!
1861 3576 1868 3587 .

1081 3602 1083 3605 ·
1115 3577 1169 3626 iloc
1183 3591 1198 3627 a
1214 3578 1327 3627 Domino
1338 3582 1427 3628 tecum
1441 3578 1545 3638 tientes,
1558 3578 1711 3630 beetlssima
1722 3578 1811 3637 Peter,
1823 3591 1906 3629 enixe

1082 3642 1161 3703 etque
1180 3653 1212 3689 ex
1229 3641 1477 3701 sordesceremus,
1493 3641 1557 3692 dum
1575 3642 1608 3691 ad
1625 3646 1685 3692 tuos
1710 3654 1802 3690 sacros
1822 3642 1905 3704 pedes

1081 3700 1226 3763 provoluti,
1243 3706 1292 3752 ate
1303 3702 1385 3753 robur
1399 3703 1497 3755 celeste
1509 3702 1747 3769 expetimus,quod
1759 3704 1908 3767 apostolica

1081 3777 1112 3813 ac
1126 3767 1238 3828 paterna
1252 3764 1404 3816 benedictio
1422 3770 1470 3817 tue
1485 3767 1557 3817 ralet
1571 3767 1719 3832 impertire.
1738 3764 1765 3815 8i
1787 3765 1844 3816 biee
1858 3780 1909 3816 co·

1080 3824 1155 3889 piosa
1171 3827 1200 3876 et
1225 3840 1258 3876 ex
1284 3825 1387 3878 intimis
1411 3828 1596 3894 penetralibus
1621 3828 1709 3880 cordis
1733 3827 1772 3878 tui
1797 3827 1909 3892 largiter

1081 3888 1204 3951 etiiiieiis,
1218 3893 1249 3938 ut
1263 3901 1317 3938 non
1332 3893 1438 3942 tantem
1455 3904 1512 3948 uos,
1526 3890 1574 3941 sed
1588 3892 1716 3942 absentes
1729 3902 1837 3955 quoque
1863 3891 1907 3941 dt-

1080 3949 1240 4001 lectissimos
1267 3949 1363 4002 iratres
1387 3955 1507 4017 itemque
1532 3953 1623 4004 fideles
1646 3950 1726 4002 nobis
1749 3952 1909 4003 commissos

1081 4011 1174 4078 irriget
1189 4027 1220 4063 ac
1234 4012 1389 4076 perrunde.
1405 4016 1444 4068 Sit
1459 4017 1520 4066 telis
1530 4029 1591 4080 uum
1606 4021 1714 4067 nostros
1728 4019 1755 4064 et
1768 4015 1851 4065 totius
1865 4029 1908 4065 or·

1081 4076 1123 4126 bis
1138 4076 1245 4128 dolores
1262 4075 1346 4127 leniet
1362 4084 1389 4127 et
1403 4078 1564 4135 demulceat,
1577 4077 1761 4131 infirmitatem
1772 4077 1906 4139 sublevet,

1081 4152 1191 4203 operam
1206 4153 1237 4189 ao
1252 4138 1370 4191 laborem
1381 4139 1519 4195 secundet.
1529 4138 1649 4192 ielieiora
1658 4141 1766 4193 demum
1779 4138 1904 4191 Ecclesiae

1081 4206 1182 4254 sanctio
1197 4203 1242 4253 Dei
1258 4205 1381 4266 tempora
1396 4204 1537 4255 acceleret.
1551 4264 1557 4276 ι
1760 4263 1767 4275 ⁶

1112 4265 1203 4317 Rome
1219 4265 1269 4316 beo
1284 4265 1327 4316 die
1342 4266 1357 4316 8
1372 4267 1472 4317 mensis
1483 4266 1559 4318 lunii
1574 4278 1647 4318 euno
1661 4264 1768 4316 Domini
1787 4263 1856 4315 isne.
